@article{CMS:2014gga,
      author         = "CMS Collaboration",
      title          = "{Constraints on anomalous HVV interactions using H to 4l
                        decays}",
      collaboration  = "CMS Collaboration",
      year           = "2014",
      reportNumber   = "CMS-PAS-HIG-14-014",
      SLACcitation   = "%%CITATION = CMS-PAS-HIG-14-014 ETC.;%%",
}
%
@Article{Brandt:1997gi,
     author    = "Brandt, A. and others",
 collaboration = "UA8",
     title     = "Measurements of single diffraction at $\sqrt{s} =$ 630 {GeV}:
                  Evidence for  a non-linear $\alpha(t)$ of the pomeron",
     journal   = "Nucl. Phys. B",
     volume    = "514",
     year      = "1998",
     pages     = "3",
     SLACcitation  = "%%CITATION = HEP-EX 9710004;%%",
     doi       = "10.1016/S0550-3213(97)00813-4"
}
@ARTICLE{Buchmuller:1986zs,
     AUTHOR       = "Buchm{\"u}ller, W. and Wyler, D.",
     TITLE        = "Constraints on {SU(5)}-type leptoquarks",
     JOURNAL      = "Phys. Lett. B",
     VOLUME       = "177",
     YEAR         = "1986",
     pages        = "377",
     SLACcitation  = "%%CITATION = PHLTA,B191,442;%%",
     doi          = "10.1016/0370-2693(86)90771-9"}
@Article{PTDR2,
     author    = "{CMS Collaboration}",
     title     = "{CMS} technical design report, volume {II}: {Physics}
                  performance",
     journal   = "J. Phys. G",
     volume    = "34",
     year      = "2007",
     pages     = "995-1579",
     doi       = "10.1088/0954-3899/34/6/S01",
     SLACcitation  = "%%CITATION = JPHGB,G34,995;%%"
}
% PAS are now TECHREPORTS. Same for Notes. A formatted list of PASs is located in [svn]/utils/branches/dev/general/pasBib-tech.bib
@TECHREPORT{CMS-PAS-JME-10-003,
      AUTHOR      = "{CMS Collaboration}",
      COLLABORATION = {CMS},
      TITLE       = "Jet Performance in pp Collisions at $\sqrt{s}$=7 {TeV}",
      URL         = "http://cdsweb.cern.ch/record/1279362",
      TYPE     = "CMS Physics Analysis Summary",
      NUMBER      = "CMS-PAS-JME-10-003",
      YEAR        = "2010"
}
%SPIRES had this one as R. Adolphi, et. al. Wrong. Now corrected in InspireHEP.
@Article{Chatrchyan:2008zzk,
     author    = "Chatrchyan, S. and others",
     collaboration = "CMS",
     title     = "The {CMS} experiment at the {CERN} {LHC}",
     journal   = "JINST",
     volume    = "3",
     year      = "2008",
     pages     = "S08004",
     doi       = "10.1088/1748-0221/3/08/S08004",
     SLACcitation  = "%%CITATION = JINST,3,S08004;%%"
}
% An evergreen:
@article{Beringer:1900zz,
      author         = "{Particle Data Group} and Beringer, J. and others",
      title          = "{Review of Particle Physics}",
      journal        = "Phys. Rev. D",
      volume         = "86",
      pages          = "010001",
      doi            = "10.1103/PhysRevD.86.010001",
      year           = "2012",
      SLACcitation   = "%%CITATION = PHRVA,D86,010001;%%",
}
%
% An example of a document which only appears on arXiv. This one could alternatively be cited as a TECHREPORT using any of the various laboratory report numbers when hosted on a lab server:
% reportNumber   = "CERN-PH-EP-2010-095, FERMILAB-TM-2480-PPD, LEPEWWG-2010-01, TEVEWWG-2010-01, ALEPH-2010-001-PHYSICS-2010-001, CDF-NOTE-10338, D0-NOTE-6130, DELPHI-DELPHI-2010-001-PHYS-952, L3-NOTE-2837, OPAL-PR432, SLAC-PUB-14301",
%
@UNPUBLISHED{LEPewkfits,
     author = "{ALEPH, CDF, D0, DELPHI, L3, OPAL, SLD Collaborations,
                                    the LEP Electroweak Working Group, the Tevatron Electroweak Working Group, and the SLD Electroweak and Heavy Flavour Groups}",
     title     = "Precision electroweak measurements and constraints on
the {Standard Model}",
     URL       = "http://lepewwg.web.cern.ch/LEPEWWG",
     eprint    = "1012.2367",
     archivePrefix = "arXiv",
     primaryClass  =  "hep-ex",
     year  = "2010",
     SLACcitation  = "%%CITATION = 1012.2367;%%"
}
%
% A document hosted on a laboratory server
%
@TECHREPORT{Bertram:2000br,
  author = " Bertram, I. and Landsberg, G. and Linnemann, J. and Partridge, R. and Paterno, M. and Prosper, H. B.",
  title =  "A Recipe for the construction of confidence limits",
  institution = "Fermilab",
  number     = "{TM-2104}",
  url = "http://lss.fnal.gov/archive/test-tm/2000/fermilab-tm-2104.pdf",
  year = "2000"
 }
 %
 % A document included in Proceedings. PRL may want the ADDRESS field as well.
 %
% CMS/ATLAS papers submitted but not yet accepted; The SLACcitation is not required. This is only for illustration, these are now published.
% Upon acceptance the note is modified and the DOI included (if available).
%
@Unpublished{Khachatryan:2010mp,
     author    = "{CMS Collaboration}",
     collaboration = "CMS",
     title     = "Search for Pair Production of First-Generation Scalar Leptoquarks in pp Collisions at $\sqrt{s} = 7$ {TeV}",
     note  = "Submitted to \textit{Phys. Rev. Lett.}",
     eprint    = "1012.4031",
     archivePrefix = "arXiv",
     primaryClass  =  "hep-ex",
     year = "2010",
     SLACcitation  = "%%CITATION = 1012.4031;%%"
}
@Unpublished{CMS-PAPER-MUO-10-004,
     author    = "{CMS Collaboration}",
     collaboration = "CMS",
     title     = "Performance of CMS muon reconstruction in pp collision events at $\sqrt{s} = 7$ TeV",
     note  = "Submitted to \textit{J. Inst.}",
     eprint    = "1206.4071",
     archivePrefix = "arXiv",
     primaryClass  =  "physics.ins-det",
     year = "2012",
}
@Unpublished{ATLAS:2011aa,
        Archiveprefix = {arXiv},
        Author = {{ATLAS Collaboration}},
        Collaboration = {ATLAS},
        Eprint = {1112.2577},
        Note = {Submitted to \textit{Phys. Rev. Lett.}},
        Primaryclass = {hep-ex},
        Slaccitation = {%%CITATION = 1112.2577;%%},
        Title = {Search for the {H}iggs boson in the {$H\to$WW(*)$\to \ell^+ \nu \ell^- \bar{\nu}$} decay channel in pp collisions at $\sqrt{s}$ = 7 {TeV} with the {ATLAS} detector},
        Year = {2011}}
% Misc
@Article{Cacciari:2008gp,
     AUTHOR    = "Cacciari, Matteo and Salam, Gavin P. and Soyez, Gregory",
     TITLE     = "The anti-$k_t$ jet clustering algorithm",
     JOURNAL   = "JHEP",
     VOLUME    = "04",
     YEAR      = "2008",
     PAGES     = "063",
     doi       = "10.1088/1126-6708/2008/04/063",
     eprint         = "0802.1189",
     archivePrefix  = "arXiv",
     primaryClass   = "hep-ex",
}
@Article{Sjostrand:2006za,
      author         = "Sj{\"o}strand, Torbj{\"o}rn and Mrenna, Stephen and Skands, Peter",
      title          = "{PYTHIA} 6.4 physics and manual",
      journal        = "JHEP",
      volume         = "05",
      pages          = "026",
      doi            = "10.1088/1126-6708/2006/05/026",
      year           = "2006",
      eprint         = "hep-ph/0603175",
      archivePrefix  = "arXiv",
      primaryClass   = "hep-ph",
      reportNumber   = "FERMILAB-PUB-06-052-CD-T, LU-TP-06-13",
      SLACcitation   = "%%CITATION = HEP-PH/0603175;%%",
}


@article{Avery:2012um,
        Archiveprefix = {arXiv},
        Author = {Avery, Paul and Bourilkov, Dimitri and Chen, Mingshui and Cheng, Tongguang and Drozdetskiy, Alexey and others},
        Date-Added = {2014-05-06 14:02:38 +0000},
        Date-Modified = {2014-05-06 14:02:38 +0000},
        Doi = {10.1103/PhysRevD.87.055006},
        Eprint = {1210.0896},
        Primaryclass = {hep-ph},
        Reportnumber = {CERN-PH-TH-2012-251},
        Title = {{Precision Studies of the Higgs Golden Channel H $\to$; ZZ* $\to$ 4$\ell$. Part I. Kinematic discriminants from leading order matrix elements}},
        Year = {2012},
        Bdsk-Url-1 = {http://dx.doi.org/10.1103/PhysRevD.87.055006}}

@article{Z4LPaper,
        Archiveprefix = {arXiv},
        Author = {Chatrchyan, Serguei and others},
        Collaboration = {CMS Collaboration},
        Date-Added = {2014-05-06 13:53:30 +0000},
        Date-Modified = {2014-05-06 13:53:30 +0000},
        Doi = {10.1007/JHEP12(2012)034},
        Eprint = {1210.3844},
        Journal = {JHEP},
        Pages = {034},
        Primaryclass = {hep-ex},
        Reportnumber = {CMS-SMP-12-009, CERN-PH-EP-2012-283},
        Title = {{Observation of Z decays to four leptons with the CMS detector at the LHC}},
        Volume = {1212},
        Year = {2012},
        Bdsk-Url-1 = {http://dx.doi.org/10.1007/JHEP12(2012)034}}

@unpublished{ATLAS-DPI,
       Author = {{ATLAS Collaboration}},
       Date-Added = {2012-06-17 17:09:30 -0400},
       Date-Modified = {2012-06-17 17:15:14 -0400},
       Note = {ATLAS-CONF-2011-160},
       Title = {{Measurement of hard double-partonic interactions in W$\to \ell\nu$ + 2 jet events using the ATLAS detector at the LHC}},
       Year = {2011}}

@article{LHC-HCG-Report,
        Author = {{ATLAS and CMS Collaborations}},
        Biburl = {http://cdsweb.cern.ch/record/1363354},
        Collaboration = {{ATLAS and CMS Collaborations}},
        Date-Added = {2011-10-15 00:55:43 -0400},
        Date-Modified = {2011-11-14 16:02:26 -0500},
        Journal = {{ATL-PHYS-PUB-2011-11, CMS NOTE-2011/005}},
        Title = {{LHC Higgs Combination Working Group report}},
        Year = {2011}}

@article{YR1,
        Archiveprefix = {arXiv},
        Author = {{LHC Higgs Cross Section Working Group} and Dittmaier, S. and Mariotti, C. and Passarino, G. and Tanaka (Eds.), R.},
        Date-Added = {2011-10-15 00:55:03 -0400},
        Date-Modified = {2011-10-15 00:55:30 -0400},
        Eprint = {1101.0593},
        Journal = {CERN-2011-002},
        Primaryclass = {hep-ph},
        Title = {{Handbook of LHC Higgs cross sections: 1. Inclusive observables}},
        Year = {CERN, Geneva, 2011, All the numbers can be obtained at {\sl https://twiki.cern.ch/twiki/bin/view/LHCPhysics/CrossSections}}}

@article{PDF4LHC,
        Archiveprefix = {arXiv},
        Author = {{S. Alekhin et al.}},
        Date-Added = {2011-10-15 01:04:11 -0400},
        Date-Modified = {2011-10-15 01:05:35 -0400},
        Eprint = {hep-ph/1101.0536},
        Primaryclass = {hep-ph},
        Title = {{The PDF4LHC working group interim report}},
        Year = {2011}}

@article{NNPDF,
        Author = {{R. D. Ball, L. Del Debbio, S. Forte, A. Guffanti, J. I. Latorre, J. Rojo and M. Ubiali}},
        Date-Added = {2011-10-15 01:21:58 -0400},
        Date-Modified = {2011-10-15 01:22:10 -0400},
        Journal = {Nucl. Phys},
        Number = {838},
        Pages = {136},
        Title = {{A first unbiased global NLO determination of parton distributions and their uncertainties}},
        Volume = {B},
        Year = {2010}}

@article{MSTW08,
        Author = {{A. D. Martin, W. J. Stirling, R. S. Thorne and G. Watt}},
        Date-Added = {2011-10-15 01:21:40 -0400},
        Date-Modified = {2011-10-15 01:21:56 -0400},
        Journal = {Eur. Phys. J},
        Number = {63},
        Pages = {189},
        Title = {{Parton distributions for the LHC}},
        Volume = {C},
        Year = {2009}}

@article{CT10,
        Author = {{H. L. Lai, M. Guzzi, J. Huston, Z. Li, P. M. Nadolsky, J. Pumplin and C. P. Yuan}},
        Date-Added = {2011-10-15 01:21:28 -0400},
        Date-Modified = {2011-10-15 01:21:38 -0400},
        Journal = {Phys.Rev},
        Number = {82},
        Pages = {074024},
        Title = {{New parton distributions for collider physics}},
        Volume = {D},
        Year = {2010}}
   
@article{MCFM,
     author    = "Campbell, John M. and Ellis, R. K.",
     title     = "{MCFM for the Tevatron and the LHC}",
     journal   = "Nucl. Phys. Proc. Suppl.",
     volume    = "205",
     year      = "2010",
     pages     = "10",
     eprint    = "1007.3492",
     archivePrefix = "arXiv",
     primaryClass  =  "hep-ph",
     doi       = "10.1016/j.nuclphysbps.2010.08.011",
     SLACcitation  = "%%CITATION = 1007.3492;%%"
}

@unpublished{BR,
        Date-Added = {2011-10-15 01:12:22 -0400},
        Date-Modified = {2011-10-15 01:14:02 -0400},
        Title = {{Higgs Branching ratio errors}}}

@article{hqt,
        Author = {{G. Bozzi, S. Catani, D. de Florian, and M. Grazzini}},
        Date-Added = {2011-10-27 01:25:29 -0400},
        Date-Modified = {2011-10-27 01:25:29 -0400},
        Journal = {Phys. Lett.},
        Number = {564},
        Pages = {65},
        Title = {{The $q_T$ spectrum of the Higgs boson at the LHC in QCD perturbation theory}},
        Volume = {B},
        Year = {2003}}

@unpublished{LHC-HCS,
        Date-Added = {2011-10-15 00:59:45 -0400},
        Date-Modified = {2011-10-15 01:01:59 -0400},
        Title = {{LHC Higgs Cross Section Working Group web page}},
        Url = {{\sl https://twiki.cern.ch/twiki/bin/view/LHCPhysics/}},
        Bdsk-Url-1 = {%7B%5Csl%20https://twiki.cern.ch/twiki/bin/view/LHCPh}}

@article{TP-syst-errors,
       Author = {FIXME},
       Date-Added = {2011-11-14 14:27:30 -0500},
       Date-Modified = {2011-11-21 22:53:20 -0500},
       Title = {{Tag-and-probe systematic errors}},
       Year = {2011}}

@Article{StandardModel67-1,
     author    = "Glashow, S. L.",
     title     = "{Partial Symmetries of Weak Interactions}",
     journal   = "Nucl. Phys.",
     volume    = "22",
     year      = "1961",
     pages     = "579-588",
     doi       = "10.1016/0029-5582(61)90469-2",
     SLACcitation  = "%%CITATION = NUPHA,22,579;%%"
}
@Article{StandardModel67-2,
     author    = "Weinberg, Steven",
     title     = "{A Model of Leptons}",
     journal   = "Phys. Rev. Lett.",
     volume    = "19",
     year      = "1967",
     pages     = "1264-1266",
     doi       = "10.1103/PhysRevLett.19.1264",
     SLACcitation  = "%%CITATION = PRLTA,19,1264;%%"
     }
@Article{StandardModel67-3,
     author    = "Salam, Abdus ",
     title     = "{Elementary Particle Physics}",
     journal   = "N. Svartholm ed., Almquvist and Wiksell, Stockholm",
     volume    = "",
     year      = "1968",
     pages     = "",
     doi       = "",
     SLACcitation  = "%%CITATION = PRLTA,19,1264;%%"
     }
@Article{StandardModel67-4,
     author    = "Glashow, S. L. and Iliopoulos, J. and Maiani, L.",
     title     = "{Weak Interactions with Lepton-Hadron Symmetry}",
     journal   = "Phys. Rev.",
     volume    = "D2",
     year      = "1970",
     pages     = "1285-1292",
     doi       = "10.1103/PhysRevD.2.1285",
     SLACcitation  = "%%CITATION = PHRVA,D2,1285;%%"
}

@article{Higgs:1964ia,
      author         = "Higgs, Peter W.",
      title          = "{Broken symmetries, massless particles and gauge fields}",
      journal        = "Phys.Lett.",
      volume         = "12",
      pages          = "132-133",
      doi            = "10.1016/0031-9163(64)91136-9",
      year           = "1964",
}

@article{Higgs:1964pj,
      author         = "Higgs, Peter W.",
      title          = "{Broken Symmetries and the Masses of Gauge Bosons}",
      journal        = "Phys.Rev.Lett.",
      volume         = "13",
      pages          = "508-509",
      doi            = "10.1103/PhysRevLett.13.508",
      year           = "1964",
}

@article{Higgs:1966ev,
      author         = "Higgs, Peter W.",
      title          = "{Spontaneous Symmetry Breakdown without Massless Bosons}",
      journal        = "Phys.Rev.",
      volume         = "145",
      pages          = "1156-1163",
      doi            = "10.1103/PhysRev.145.1156",
      year           = "1966",
}

@article{Englert:1964et,
      author         = "Englert, F. and Brout, R.",
      title          = "{Broken Symmetry and the Mass of Gauge Vector Mesons}",
      journal        = "Phys.Rev.Lett.",
      volume         = "13",
      pages          = "321-322",
      doi            = "10.1103/PhysRevLett.13.321",
      year           = "1964",
}

@article{Guralnik:1964eu,
      author         = "Guralnik, G.S. and Hagen, C.R. and Kibble, T.W.B.",
      title          = "{Global Conservation Laws and Massless Particles}",
      journal        = "Phys.Rev.Lett.",
      volume         = "13",
      pages          = "585-587",
      doi            = "10.1103/PhysRevLett.13.585",
      year           = "1964",
}

@article{Kibble:1967sv,
      author         = "Kibble, T.W.B.",
      title          = "{Symmetry breaking in nonAbelian gauge theories}",
      journal        = "Phys.Rev.",
      volume         = "155",
      pages          = "1554-1561",
      doi            = "10.1103/PhysRev.155.1554",
      year           = "1967",
}

@article{Barate:2003sz,
      author         = "Barate, R. and others",
      title          = "{Search for the standard model Higgs boson at LEP}",
      collaboration  = "LEP Working Group for Higgs boson searches, ALEPH
                        Collaboration, DELPHI Collaboration, L3 Collaboration,
                        OPAL Collaboration",
      journal        = "Phys.Lett.",
      volume         = "B565",
      pages          = "61-75",
      doi            = "10.1016/S0370-2693(03)00614-2",
      year           = "2003",
      eprint         = "hep-ex/0306033",
      archivePrefix  = "arXiv",
      primaryClass   = "hep-ex",
}

@article{Aaltonen:2011gs,
      author         = "Aaltonen, T. and others",
      title          = "{Combined CDF and D0 Upper Limits on Standard Model Higgs
                        Boson Production with up to 8.2 fb$^{-1}$ of Data}",
      collaboration  = "CDF and D0",
      year           = "2011",
      note           = "* Temporary entry *",
      eprint         = "1103.3233",
      archivePrefix  = "arXiv",
      primaryClass   = "hep-ex",
}

@article{:2010zz,
      title          = "{Precision electroweak measurements and constraints on
                        the Standard Model}",
      collaboration  = "ALEPH, CDF, D0, DELPHI, L3, OPAL, SLD Collaborations, the
                        LEP Electroweak Working Group, the Tevatron Electroweak
                        Working Group, and the SLD electroweak and heavy flavour
                        groups",
      year           = "2010",
}

@article{Lee:1977eg,
      author         = "Lee, Benjamin W. and Quigg, C. and Thacker, H.B.",
      title          = "{Weak Interactions at Very High-Energies: The Role of the
                        Higgs Boson Mass}",
      journal        = "Phys.Rev.",
      volume         = "D16",
      pages          = "1519",
      doi            = "10.1103/PhysRevD.16.1519",
      year           = "1977",
}

@article{Durand:1989zs,
      author         = "Durand, Loyal and Johnson, James M. and Lopez, Jorge L.",
      title          = "{Perturbative unitarity revisited:  a new upper bound on the Higgs boson mass}",
      journal        = "Phys.Rev.Lett.",
      volume         = "64",
      pages          = "1215",
      doi            = "10.1103/PhysRevLett.64.1215",
      year           = "1990",
}

@article{Riesselmann:1997kg,
      author         = "Riesselmann, Kurt",
      title          = "{Limitations of a standard model Higgs boson}",
      year           = "1997",
      eprint         = "hep-ph/9711456",
      archivePrefix  = "arXiv",
      primaryClass   = "hep-ph",
}

@article{:2008zzk,
      author         = "Adolphi, R. and others",
      title          = "{The CMS experiment at the CERN LHC}",
      collaboration  = "CMS",
      journal        = "JINST",
      volume         = "3",
      pages          = "S08004",
      doi            = "10.1088/1748-0221/3/08/S08004",
      year           = "2008",
}


@ARTICLE{CMS-NOTE-2006-106,
     AUTHOR       = "Aldaya, M. and others",
     TITLE        = "Discovery potential and search strategy for the Standard Model {H}iggs boson in the {$H\to ZZ^\star\to 4\mu$} decay channel using a mass-independent analysis",
     JOURNAL      = "CMS Note",
     VOLUME       = "2006/106",
     URL          = "http://cdsweb.cern.ch/record/962058",
     YEAR         = "2006"
     }

@ARTICLE{CMS-NOTE-2006-107,
     AUTHOR       = "Aldaya, M. and others",
     TITLE        = "A method for determining the mass of the Standard Model Higgs boson using the $H \to 4\ell$ decay channel",
     JOURNAL      = "CMS Note",
     VOLUME       = "2006/107",
     URL          = "FIXME",
     YEAR         = "2006",
     }

@article{Baffioni:2006sk,
      author         = "Baffioni, S.  and others",
      title          = "{Discovery potential for the SM Higgs boson in the H
                        $\rightarrow$ Z Z(*)$\rightarrow$ e+ e- e+ e- decay channel}",
      journal        = "J.~Phys.~G",
      volume         = "34",
      pages          = "N23-N46",
      doi            = "10.1088/0954-3899/34/2/N01",
      year           = "2007",
}

@ARTICLE{CMS-NOTE-2006-122,
     AUTHOR       = "Abdullin, S.  and others",
     TITLE        = "Search Strategy for the Standard Model Higgs Boson in the H $\rightarrow$ ZZ $\rightarrow 4 \mu$ decay channel",
     JOURNAL      = "CMS Note",
     VOLUME       = "2006/122",
     URL          = "FIXME",
     YEAR         = "2006",
     }


@ARTICLE{CMS-NOTE-2006-136,
     AUTHOR       = "Futyan, D.  and others",
     TITLE        = "Search for the Standard Model Higgs Boson in the Two-Electron and Two-Muon Final State with CMS",
     JOURNAL      = "CMS Note",
     VOLUME       = "2006/136",
     URL          = "FIXME",
     YEAR         = "2006",
     }
@article{Chatrchyan:2012dg,
      author         = "Chatrchyan, Serguei and others",
      title          = "{Search for the standard model Higgs boson in the decay
                        channel $H$ to $Z Z$ to 4 leptons in $pp$ collisions at
                        $\sqrt{s}=7$ TeV}",
      collaboration  = "CMS",
      journal        = "Phys.Rev.Lett.",
      volume         = "108",
      pages          = "111804",
      doi            = "10.1103/PhysRevLett.108.111804",
      year           = "2012",
      eprint         = "1202.1997",
      archivePrefix  = "arXiv",
      primaryClass   = "hep-ex",
      reportNumber   = "CMS-HIG-11-025, CERN-PH-EP-2012-025",
      SLACcitation   = "%%CITATION = ARXIV:1202.1997;%%",
}
@article{Ball:2007zza,
      author         = "Bayatian, G.L. and others",
      title          = "{CMS technical design report, volume II: Physics
                        performance}",
      collaboration  = "CMS",
      journal        = "J.Phys.G",
      volume         = "G34",
      pages          = "995-1579",
      doi            = "10.1088/0954-3899/34/6/S01",
      year           = "2007",
}
@ARTICLE{CMS-PAS-HIG-08-003,
      AUTHOR      = "{CMS Collaboration}",
      COLLABORATION = {CMS},
     TITLE       = "Search strategy for the Higgs boson in the ZZ decay channel with the CMS experiment",
      URL         = "http://cdsweb.cern.ch/record/1194473",
      JOURNAL     = "CMS Physics Analysis Summary",
      VOLUME      = "CMS-PAS-HIG-10-003",
      YEAR        = "2008"
}


@article{ATLAS:2012ac,
      author         = "Aad, Georges and others",
      title          = "{Search for the Standard Model Higgs boson in the decay
                        channel $H \to ZZ(*) \to 4l$ with 4.8 fb-1 of pp collision
                        data at sqrt(s) = 7 TeV with ATLAS}",
      collaboration  = "ATLAS",
      journal        = "Phys.Lett.",
      volume         = "B710",
      pages          = "383-402",
      year           = "2012",
      eprint         = "1202.1415",
      archivePrefix  = "arXiv",
      primaryClass   = "hep-ex",
      reportNumber   = "CERN-PH-EP-2012-014",
      SLACcitation   = "%%CITATION = ARXIV:1202.1415;%%",
}
%
@article{Chatrchyan:2012hr,
      author         = "Chatrchyan, Serguei and others",
      title          = "{Search for the standard model Higgs boson in the H to ZZ
                        to ll tau tau decay channel in pp collisions at sqrt(s)=7
                        TeV}",
      collaboration  = "CMS",
      journal        = "JHEP",
      volume         = "1203",
      pages          = "081",
      year           = "2012",
      eprint         = "1202.3617",
      archivePrefix  = "arXiv",
      primaryClass   = "hep-ex",
      reportNumber   = "CMS-HIG-11-028, CERN-PH-EP-2012-038",
      SLACcitation   = "%%CITATION = ARXIV:1202.3617;%%",
}

@article{Chatrchyan:2012tx,
      author         = "Chatrchyan, Serguei and others",
      title          = "{Combined results of searches for the standard model
                        Higgs boson in pp collisions at sqrt(s) = 7 TeV}",
      collaboration  = "CMS",
      journal        = "Phys.Lett.",
      volume         = "B710",
      pages          = "26-48",
      year           = "2012",
      eprint         = "1202.1488",
      archivePrefix  = "arXiv",
      primaryClass   = "hep-ex",
      reportNumber   = "CMS-HIG-11-032, CERN-PH-EP-2012-023",
      SLACcitation   = "%%CITATION = ARXIV:1202.1488;%%",
}
%
@article{Gross:2010qma,
      author         = "Gross, Eilam and Vitells, Ofer",
      title          = "{Trial factors or the look elsewhere effect in high
                        energy physics}",
      journal        = "Eur. Phys. J. C",
      volume         = "70",
      pages          = "525",
      doi            = "10.1140/epjc/s10052-010-1470-8",
      year           = "2010",
      eprint         = "1005.1891",
      archivePrefix  = "arXiv",
      primaryClass   = "physics.data-an",
      SLACcitation   = "%%CITATION = ARXIV:1005.1891;%%",
}
%
@Techreport{Dittmaier:2012vm,
     author  = "{LHC Higgs Cross Section Working Group}",
     title     = "{Handbook of LHC Higgs Cross Sections: 2. Differential
                  Distributions}",
     number = "CERN-2012-002",
     type   = "CERN Report",
     url    = "http://cdsweb.cern.ch/record/1416519",
     year      = "2012",
     eprint    = "1201.3084",
     archivePrefix = "arXiv",
     primaryClass  =  "hep-ph",
     SLACcitation  = "%%CITATION = 1201.3084;%%"
}

%

in 1st Workshop on Confidence Limits, Geneva
@techreport{Read:451614,
      author       = "Read, A L",
      title        = "Modified frequentist analysis of search results (the
                      $CL-{s}$ method)",
      type = "CERN Report",
      number       = "{CERN-OPEN-2000-005}",
      url = "https://cdsweb.cern.ch/record/451614",
      year =  "2000"
}

@article{Junk:1999kv,
      author         = "Junk, Thomas",
      title          = "{Confidence level computation for combining searches with
                        small statistics}",
      journal        = "Nucl. Instrum. Meth. A",
      volume         = "434",
      pages          = "435",
      doi            = "10.1016/S0168-9002(99)00498-2",
      year           = "1999",
      eprint         = "hep-ex/9902006",
      archivePrefix  = "arXiv",
      primaryClass   = "hep-ex",
      reportNumber   = "CARLETON-OPAL-PHYS-99-01, CERN-EP-99-041",
      SLACcitation   = "%%CITATION = HEP-EX/9902006;%%",
}

@techreport{ATL-PHYS-PUB-2011-011,
      author         = "{ATLAS and CMS Collaborations}",
      title        = "Procedure for the LHC Higgs boson search combination in
                      Summer 2011",
      type = "ATL-PHYS-PUB-2011-011,",
      number       = "{CMS NOTE-2011/005}",
      URL         = "https://cdsweb.cern.ch/record/1379837",
      year         = "2011",
}
%

@ARTICLE{Marlow11,
     author    = "{Marlow, D}",
     title        = "{talk at the CMS GWM}",
     journal            = "https://indico.cern.ch/getFile.py/access?contribId=2\&resId=0\&materialId=slides\&confId=123724",
     year         = "2011"
}
%
@ARTICLE{Bolognesi10,
     author    = "{Bolognesi, S.}",
     title        = "{talk at the CMS Trigger Plenary Session}",
     journal            = "https://twiki.cern.ch/twiki/bin/viewauth/CMS/PdwgMain",
     year         = "2010"
}
%

@ARTICLE{Pierini11,
author    = "{Pierini, M.}",
     title        = "talk at the Joint PVT/PO Meeting",
     journal        = "https://twiki.cern.ch/twiki/bin/viewauth/CMS/PdwgMain",
     year         = "2011"
}

@Article{bayesian,
     author    = "{A. O'Hagan and J.J. Forster}",
     title = "Bayesian Inference",
     journal   = "{Kendalls Advanced Theory of Statistics, Arnold, London}", 
     volume    = "2B",
     year      = "2004"
}
%


@Techreport{LHCHiggsCrossSectionWorkingGroup:2011ti,
    author  = "{LHC Higgs Cross Section Working Group}",
    title   = "{Handbook of LHC Higgs Cross Sections: 1. Inclusive Observables}",
    institution = "CERN",
    number = "CERN-2011-002",
    type = "CERN Report",
    year    = "2011",
    url     = "http://cdsweb.cern.ch/record/1318996",
    eprint  = "1101.0593",
    archivePrefix = "arXiv",
    primaryClass  = "hep-ph"
}

@Techreport{Dittmaier:2012vm,
     author  = "{LHC Higgs Cross Section Working Group}",
     title     = "{Handbook of LHC Higgs Cross Sections: 2. Differential
                  Distributions}",
     number = "CERN-2012-002",
     type   = "CERN Report",
     url    = "http://cdsweb.cern.ch/record/1416519",
     year      = "2012",
     eprint    = "1201.3084",
     archivePrefix = "arXiv",
     primaryClass  =  "hep-ph",
     SLACcitation  = "%%CITATION = 1201.3084;%%"
}

@Article{Dawson:1990zj,
    author    = "Dawson, S.",
    title     = "{Radiative corrections to Higgs boson production}",
    journal   = "Nucl. Phys. B",
    volume    = "359",
    year      = "1991",
    pages     = "283",
    doi       = "10.1016/0550-3213(91)90061-2",
    SLACcitation  = "%%CITATION = NUPHA,B359,283;%%"
}
@Article{Spira:1995rr,
    author    = "Spira, M. and others",
    title     = "{Higgs boson production at the LHC}",
    journal   = "Nucl. Phys. B",
    volume    = "453",
    year      = "1995",
    pages     = "17",
    eprint    = "hep-ph/9504378",
    archivePrefix = "arXiv",
    doi       = "10.1016/0550-3213(95)00379-7",
    SLACcitation  = "%%CITATION = HEP-PH/9504378;%%"
}
@Article{Harlander:2002wh,
    author    = "Harlander, Robert V. and Kilgore, William B.",
    title     = "{Next-to-next-to-leading order Higgs production at hadron
                 colliders}",
    journal   = "Phys. Rev. Lett.",
    volume    = "88",
    year      = "2002",
    pages     = "201801",
    eprint    = "hep-ph/0201206",
    archivePrefix = "arXiv",
    doi       = "10.1103/PhysRevLett.88.201801",
    SLACcitation  = "%%CITATION = HEP-PH/0201206;%%"
}
@Article{Anastasiou:2002yz,
    author    = "Anastasiou, Charalampos and Melnikov, Kirill",
    title     = "{Higgs boson production at hadron colliders in NNLO QCD}",
    journal   = "Nucl. Phys. B",
    volume    = "646",
    year      = "2002",
    pages     = "220",
    eprint    = "hep-ph/0207004",
    archivePrefix = "arXiv",
    doi       = "10.1016/S0550-3213(02)00837-4",
    SLACcitation  = "%%CITATION = HEP-PH/0207004;%%"
}
@Article{Ravindran:2003um,
    author    = "Ravindran, V. and Smith, J. and van Neerven, W. L.",
    title     = "{NNLO corrections to the total cross section for Higgs
                 boson production  in hadron-hadron collisions}",
    journal   = "Nucl. Phys. B",
    volume    = "665",
    year      = "2003",
    pages     = "325",
    eprint    = "hep-ph/0302135",
    archivePrefix = "arXiv",
    doi       = "10.1016/S0550-3213(03)00457-7",
    SLACcitation  = "%%CITATION = HEP-PH/0302135;%%"
}
@Article{Catani:2003zt,
    author    = "Catani, Stefano and others",
    title     = "{Soft-gluon resummation for Higgs boson production at
                 hadron colliders}",
    journal   = "JHEP",
    volume    = "07",
    year      = "2003",
    pages     = "028",
    eprint    = "hep-ph/0306211",
    archivePrefix = "arXiv",
    doi       = "10.1088/1126-6708/2003/07/028",
    SLACcitation  = "%%CITATION = HEP-PH/0306211;%%"
}
@Article{Actis:2008ug,
    author    = "Actis, Stefano and others",
    title     = "{NLO Electroweak Corrections to Higgs Boson Production at
                 Hadron Colliders}",
    journal   = "Phys. Lett. B",
    volume    = "670",
    year      = "2008",
    pages     = "12",
    eprint    = "0809.1301",
    archivePrefix = "arXiv",
    primaryClass  =  "hep-ph",
    doi       = "10.1016/j.physletb.2008.10.018",
    SLACcitation  = "%%CITATION = 0809.1301;%%"
}

@article{Ciccolini:2007jr,
     author         = "Ciccolini, M. and Denner, Ansgar and Dittmaier, S.",
     title          = "{Strong and electroweak corrections to the production of Higgs + 2-jets via weak interactions at the LHC}",
     journal        = "Phys. Rev. Lett.",
     volume         = "99",
     pages          = "161803",
     doi            = "10.1103/PhysRevLett.99.161803",
     year           = "2007",
     eprint         = "0707.0381",
     archivePrefix  = "arXiv",
     primaryClass   = "hep-ph",
}

@Article{Ciccolini:2007ec,
    author    ="Ciccolini, M. and Denner, Ansgar and Dittmaier, S.",
    title     = "{Electroweak and QCD corrections to Higgs production via vector-boson fusion at the LHC}",
    journal   = "Phys. Rev. D",
    volume    = "77",
    year      = "2008",
    pages     = "013002",
    eprint    = "0710.4749",
    archivePrefix = "arXiv",
    primaryClass  =  "hep-ph",
    doi       = "10.1103/PhysRevD.77.013002",
    SLACcitation  = "%%CITATION = 0710.4749;%%"
}
@Article{Figy:2003nv,
    author    = "Figy, T. and Oleari, C. and Zeppenfeld, D.",
    title     = "{Next-to-leading order jet distributions for Higgs boson
                 production via  weak-boson fusion}",
    journal   = "Phys. Rev. D",
    volume    = "68",
    year      = "2003",
    pages     = "073005",
    eprint    = "hep-ph/0306109",
    archivePrefix = "arXiv",
    doi       = "10.1103/PhysRevD.68.073005",
    SLACcitation  = "%%CITATION = HEP-PH/0306109;%%"
}

@Article{Arnold:2008rz,
    author    = "Arnold, K. and others",
    title     = "{VBFNLO: A parton level Monte Carlo for processes with
                 electroweak bosons}",
    journal   = "Comput. Phys. Commun.",
    volume    = "180",
    year      = "2009",
    pages     = "1661",
    eprint    = "0811.4559",
    archivePrefix = "arXiv",
    primaryClass  =  "hep-ph",
    doi       = "10.1016/j.cpc.2009.03.006",
    SLACcitation  = "%%CITATION = 0811.4559;%%"
}

@Article{Bolzoni:2010xr,
    author    = "Bolzoni, Paolo and others",
    title     = "{Higgs production via vector-boson fusion at NNLO in QCD}",
    journal   = "Phys. Rev. Lett.",
    volume    = "105",
    year      = "2010",
    pages     = "011801",
    eprint    = "1003.4451",
    archivePrefix = "arXiv",
    primaryClass  =  "hep-ph",
    doi       = "10.1103/PhysRevLett.105.011801",
    SLACcitation  = "%%CITATION = 1003.4451;%%"
}
%    author    = "Bolzoni, Paolo and Maltoni, Fabio and Moch, Sven-Olaf and Zaro, Marco",
% @article{NNLOgg,}

@Article{Anastasiou:2008tj,
    author    = "Anastasiou, Charalampos and Boughezal, Radja and Petriello,
                 Frank",
    title     = "{Mixed QCD-electroweak corrections to Higgs boson
                 production in gluon fusion}",
    journal   = "JHEP",
    volume    = "04",
    year      = "2009",
    pages     = "003",
    eprint    = "0811.3458",
    archivePrefix = "arXiv",
    primaryClass  =  "hep-ph",
    doi       = "10.1088/1126-6708/2009/04/003",
    SLACcitation  = "%%CITATION = 0811.3458;%%"
}
@Article{deFlorian:2009hc,
    author    = "de Florian, Daniel and Grazzini, Massimiliano",
    title     = "{Higgs production through gluon fusion: updated cross
                 sections at the Tevatron and the LHC}",
    journal   = "Phys. Lett. B",
    volume    = "674",
    year      = "2009",
    pages     = "291",
    eprint    = "0901.2427",
    archivePrefix = "arXiv",
    primaryClass  =  "hep-ph",
    doi       = "10.1016/j.physletb.2009.03.033",
    SLACcitation  = "%%CITATION = 0901.2427;%%"
}

@Article{hdecay2,
    author    = "Djouadi, A. and Kalinowski, J. and Spira, M.",
    title     = "{HDECAY: A program for Higgs boson decays in the standard
                 model and its  supersymmetric extension}",
    journal   = "Comput. Phys. Commun.",
    volume    = "108",
    year      = "1998",
    pages     = "56",
    eprint    = "hep-ph/9704448",
    archivePrefix = "arXiv",
    doi       = "10.1016/S0010-4655(97)00123-9",
    SLACcitation  = "%%CITATION = HEP-PH/9704448;%%"
}
@inproceedings{hdecay2OLD,
       author  = "Djouadi, A. and others",
       title           = "{An update of the program HDECAY}",
       booktitle       = "{The Les Houches 2009 workshop on TeV
colliders: The tools and Monte Carlo working group summary
report}",
       year           = "2010",
       eprint         = "1003.1643",
       archivePrefix  = "arXiv",
       primaryClass   = "hep-ph",
}
%       author  = "Djouadi, A. and Kalinowski, J. and Muhlleitner, %M. and Spira , M.",


@Article{Alwall:2007st,
     author    = "Alwall, Johan and others",
     title     = "{MadGraph/MadEvent v4: The New Web Generation}",
     journal   = "JHEP",
     volume    = "09",
     year      = "2007",
     pages     = "028",
     eprint    = "0706.2334",
     archivePrefix = "arXiv",
     primaryClass  =  "hep-ph",
     doi       = "10.1088/1126-6708/2007/09/028",
     SLACcitation  = "%%CITATION = 0706.2334;%%"
}


@Inproceedings{Binoth:2008pr,
     author    = "Binoth, T. and Kauer, N. and Mertsch, P.",
     title     = "{Gluon-induced QCD corrections to $pp \to ZZ \to
                  \ell\bar{\ell}\ell'\bar{\ell'}$}",
     booktitle = "Proceedings of the XVI Int. Workshop on Deep-Inelastic Scattering and Related Topics (DIS'07)",
     year      = "2008",
     eprint    = "0807.0024",
     archivePrefix = "arXiv",
     primaryClass  =  "hep-ph",
     doi       = "10.3360/dis.2008.142",
     SLACcitation  = "%%CITATION = 0807.0024;%%"
}
@Article{kauer,
     author    = " Kauer, N.",
     title     = "{Gluon-induced QCD corrections to $pp \to ZZ \to
                  \ell\bar{\ell}\ell'\bar{\ell'}$}",
     year      = "2010",
}

@Article{ALPGEN,
     author    = "Mangano, Michelangelo L. and others",
     title     = "{ALPGEN, a generator for hard multiparton processes in
                  hadronic  collisions}",
     journal   = "JHEP",
     volume    = "07",
     year      = "2003",
     pages     = "001",
     eprint    = "hep-ph/0206293",
     archivePrefix = "arXiv",
     SLACcitation  = "%%CITATION = HEP-PH/0206293;%%"
}
%     author    = "Mangano, Michelangelo L. and Moretti, Mauro and Piccinini,
%                  Fulvio and Pittau, Roberto and Polosa, Antonio D.",

@Article{powheg,
     author    = "Frixione, Stefano and Nason, Paolo and Oleari, Carlo",
     title     = "{Matching NLO QCD computations with Parton Shower
                  simulations: the POWHEG method}",
     journal   = "JHEP",
     volume    = "11",
     year      = "2007",
     pages     = "070",
     eprint    = "0709.2092",
     archivePrefix = "arXiv",
     primaryClass  =  "hep-ph",
     doi       = "10.1088/1126-6708/2007/11/070",
     SLACcitation  = "%%CITATION = 0709.2092;%%"
}
%
 
 @Article{Cacciari:2007fd,
     author    = "Cacciari, Matteo and Salam, Gavin P.",
     title     = "{Pileup subtraction using jet areas}",
     journal   = "Phys. Lett.",
     volume    = "B659",
     year      = "2008",
     pages     = "119-126",
     eprint    = "0707.1378",
     archivePrefix = "arXiv",
     primaryClass  =  "hep-ph",
     doi       = "10.1016/j.physletb.2007.09.077",
     SLACcitation  = "%%CITATION = 0707.1378;%%"
}

@Article{Cacciari:2008gn,
     author    = "Cacciari, Matteo and Salam, Gavin P. and Soyez, Gregory",
     title     = "{The Catchment Area of Jets}",
     journal   = "JHEP",
     volume    = "04",
     year      = "2008",
     pages     = "005",
     eprint    = "0802.1188",
     archivePrefix = "arXiv",
     primaryClass  =  "hep-ph",
     doi       = "10.1088/1126-6708/2008/04/005",
     SLACcitation  = "%%CITATION = 0802.1188;%%"
}
%

@ARTICLE{CMS-PAS-TRK-10-002,
      AUTHOR      = "{CMS Collaboration}",
      COLLABORATION = {CMS},
     TITLE       = "Measurement of Tracking Efficiency",
      URL         = "FIXME",
      JOURNAL     = "CMS Physics Analysis Summary",
      VOLUME      = "CMS-PAS-TRK-10-002",
      YEAR        = "2010"
}
%
@ARTICLE{PDG,
     AUTHOR       = "{K. Nakamura et al. (Particle Data Group)}",
     TITLE        = "The Review of Particle Physics",
     JOURNAL      = "J.~Phys.~G",
     VOLUME       = "37",
     PAGES        = "075021",
     YEAR         = "2010",
     }
 %
@ARTICLE{VBTFID,
     author    = "{CMS}",
     title        = "{Electron VBTF Selection}",
     journal    = "https://twiki.cern.ch/twiki/bin/viewauth/CMS/VbtfEleID2011",
     year         = "2011"
}
%
@ARTICLE{RECOEFF,
     author    = "{CMS}",
     title        = "{Electron reconstruction efficiency measurement for 2011}",
     journal    = "https://twiki.cern.ch/twiki/bin/view/CMS/EgCommissioningAndPhysicsDeliverables",
     year         = "2011"
}
%

@Article{Fruhwirth:1987fm,
     author    = "Fr{\"{u}}hwirth, R.",
     title     = "{Application of Kalman filtering to track and vertex
                  fitting}",
     journal   = "Nucl. Instrum. Meth. A",
     volume    = "262",
     year      = "1987",
     pages     = "444",
     doi       = "10.1016/0168-9002(87)90887-4",
     SLACcitation  = "%%CITATION = NUIMA,A262,444;%%"
}



@Article{CMS-CFT-09-014,
     author    = "Chatrchyan, Serguei and others",
     collaboration = "CMS",
     title     = "{Performance of CMS muon reconstruction in cosmic-ray
                  events}",
     journal   = "JINST",
     volume    = "5",
     year      = "2010",
     pages     = "T03022",
     eprint    = "0911.4994",
     archivePrefix = "arXiv",
     primaryClass  =  "physics.ins-det",
     doi       = "10.1088/1748-0221/5/03/T03022",
     SLACcitation  = "%%CITATION = 0911.4994;%%"
}



@article{PTDR1,
     author       = "{CMS Collaboration}",
     title        = "CMS Physics Technical Design Report, volume I: Detector performance and software",
     journal      = "CERN/LHCC",
     year         = "2006"
}


@article{TRK-10-002,
     author       = "{CMS Collaboration}",
     title        = "Measurement of tracking efficiency",
     year         = "2010",
     journal      = "CMS Physics Analysis Summary"
}


@TECHREPORT{PFT-09-001,
      AUTHOR      = "{CMS Collaboration}",
      INSTITUTION = "CERN",
      COLLABORATION = "CMS",
      TITLE       = "Particle-Flow Event Reconstruction in CMS and Performance
                      for Jets, Taus, and MET",
      URL         = "http://cdsweb.cern.ch/record/1194487",
      TYPE        = "CMS Physics Analysis Summary",
      NUMBER      = "MS-PAS-PFT-09-001",
      YEAR        = "2009"
}
%
@TECHREPORT{PFT-10-002,
      AUTHOR      = "{CMS Collaboration}",
      INSTITUTION = "CERN",
      COLLABORATION = "CMS",
      TITLE       = "Commissioning of the Particle--Flow reconstruction in Minimum--Bias and Jet Events from $pp$ Collisions at $7$~TeV",
      URL         = "http://cms-physics.web.cern.ch/cms-physics/public/PFT-10-002-pas.pdf",
      TYPE        = "CMS Physics Analysis Summary",
      NUMBER      = "CMS-PAS-PFT-10-002",
      YEAR        = "2010"
}
%

@article{EWK-10-010,
      author         = "Chatrchyan, Serguei and others",
      title          = "{Measurement of the Rapidity and Transverse Momentum
                        Distributions of $Z$ Bosons in $pp$ Collisions at
                        $\sqrt{s}=7$ TeV}",
      collaboration  = "CMS",
      journal        = "Phys.Rev.",
      volume         = "D85",
      pages          = "032002",
      doi            = "10.1103/PhysRevD.85.032002",
      year           = "2012",
      eprint         = "1110.4973",
      archivePrefix  = "arXiv",
      primaryClass   = "hep-ex",
      reportNumber   = "CMS-EWK-10-010, CERN-PH-EP-2011-169",
      SLACcitation   = "%%CITATION = ARXIV:1110.4973;%%",
}

@ARTICLE{PFT-10-003,
     author       = "{CMS Collaboration}",
     TITLE        = "Commissioning of the particle-flow event reconstruction with leptons from J/$\Psi$ and W decays at 7 TeV",
     YEAR         = "2010",
     JOURNAL      = "CMS Physics Analysis Summary"
}
%


@TECHREPORT{CMS-NOTE-2006-106,
     AUTHOR       = "Aldaya, M. and Arce, P. and Caballero, J. and de la Cruz, B. and Garcia-Abia, P. and Hernandez, J.M. and Josa, M.I. and Ruiz, E.",
     TITLE        = "Discovery potential and search strategy for the Standard Model {H}iggs boson in the {$H\to ZZ^\star\to 4\mu$} decay channel using a mass-independent analysis",
     TYPE      = "CMS Note",
     NUMBER       = "2006/106",
     URL          = "http://cdsweb.cern.ch/record/962058",
     YEAR         = "2006"}
%
% standard article
%
@article{Soni:1993jc,
      author         = "Soni, A. and Xu, R.M.",
      title          = "{Probing CP violation via Higgs decays to four leptons}",
      journal        = "Phys.Rev.",
      volume         = "D48",
      pages          = "5259-5263",
      doi            = "10.1103/PhysRevD.48.5259",
      year           = "1993",
      eprint         = "hep-ph/9301225",
      archivePrefix  = "arXiv",
      primaryClass   = "hep-ph",
      reportNumber   = "BNL-48160, ITP-SB-92-54",
      SLACcitation   = "%%CITATION = HEP-PH/9301225;%%",
}
%
@article{Barger:1993wt,
      author         = "Barger, Vernon D. and Cheung, King-man and Djouadi, A.
                        and Kniehl, Bernd A. and Zerwas, P.M.",
      title          = "{Higgs bosons: Intermediate mass range at e+ e-
                        colliders}",
      journal        = "Phys.Rev.",
      volume         = "D49",
      pages          = "79-90",
      doi            = "10.1103/PhysRevD.49.79",
      year           = "1994",
      eprint         = "hep-ph/9306270",
      archivePrefix  = "arXiv",
      primaryClass   = "hep-ph",
      reportNumber   = "MAD-PH-749, DESY-93-064, UDEM-LPN-TH-093-143,
                        NUHEP-TH-93-12",
      SLACcitation   = "%%CITATION = HEP-PH/9306270;%%",
}
%
@article{Choi:2002jk,
      author         = "Choi, S.Y. and Miller, D.J., 2 and Muhlleitner, M.M. and
                        Zerwas, P.M.",
      title          = "{Identifying the Higgs spin and parity in decays to Z
                        pairs}",
      journal        = "Phys.Lett.",
      volume         = "B553",
      pages          = "61-71",
      doi            = "10.1016/S0370-2693(02)03191-X",
      year           = "2003",
      eprint         = "hep-ph/0210077",
      archivePrefix  = "arXiv",
      primaryClass   = "hep-ph",
      reportNumber   = "CERN-TH-2002-231, DESY-02-150, PM-02-26",
      SLACcitation   = "%%CITATION = HEP-PH/0210077;%%",
}
%
@article{Allanach:2002gn,
      author         = "Allanach, B.C. and Odagiri, K. and Palmer, M.J. and
                        Parker, Michael Andrew and Sabetfakhri, A. and others",
      title          = "{Exploring small extra dimensions at the large hadron
                        collider}",
      journal        = "JHEP",
      volume         = "12",
      pages          = "039",
      year           = "2002",
      eprint         = "hep-ph/0211205",
      archivePrefix  = "arXiv",
      primaryClass   = "hep-ph",
      reportNumber   = "CAVENDISH-HEP-02-18, CERN-TH-2002-227, LAPTH-941-02,
                        KEK-TH-851, ATL-COM-PHYS-2002-043",
      SLACcitation   = "%%CITATION = HEP-PH/0211205;%%",
}
%
@article{Buszello:2002uu,
      author         = "Buszello, C.P. and Fleck, I. and Marquard, P. and van der
                        Bij, J.J.",
      title          = "{Prospective analysis of spin- and CP-sensitive variables
                        in $H \to Z Z \to l(1)^+ l(1)^- l(2)^+ l(2)^-$ at the
                        LHC}",
      journal        = "Eur.Phys.J.",
      volume         = "C32",
      pages          = "209-219",
      doi            = "10.1140/epjc/s2003-01392-0",
      year           = "2004",
      eprint         = "hep-ph/0212396",
      archivePrefix  = "arXiv",
      primaryClass   = "hep-ph",
      reportNumber   = "FREIBURG-THEP-02-16, SN-ATLAS-2003-025",
      SLACcitation   = "%%CITATION = HEP-PH/0212396;%%",
}
%
@article{Godbole:2007cn,
      author         = "Godbole, Rohini M. and Miller, D.J., 2 and Muhlleitner,
                        M. Margarete",
      title          = "{Aspects of CP violation in the H ZZ coupling at the
                        LHC}",
      journal        = "JHEP",
      volume         = "12",
      pages          = "031",
      doi            = "10.1088/1126-6708/2007/12/031",
      year           = "2007",
      eprint         = "0708.0458",
      archivePrefix  = "arXiv",
      primaryClass   = "hep-ph",
      reportNumber   = "CERN-PH-TH-2007-116, IISC-CHEP-08-07, LAPTH-1195-07",
      SLACcitation   = "%%CITATION = ARXIV:0708.0458;%%",
}
%
@article{Keung:2008ve,
      author         = "Keung, Wai-Yee and Low, Ian and Shu, Jing",
      title          = "{Landau-Yang Theorem and Decays of a Z' Boson into Two Z
                        Bosons}",
      journal        = "Phys.Rev.Lett.",
      volume         = "101",
      pages          = "091802",
      doi            = "10.1103/PhysRevLett.101.091802",
      year           = "2008",
      eprint         = "0806.2864",
      archivePrefix  = "arXiv",
      primaryClass   = "hep-ph",
      reportNumber   = "ANL-HEP-PR-08-41, EFI-08-18, NUHEP-TH-08-03",
      SLACcitation   = "%%CITATION = ARXIV:0806.2864;%%",
}
%
@article{Antipin:2008hj,
      author         = "Antipin, Oleg and Soni, Amarjit",
      title          = "{Towards establishing the spin of warped gravitons}",
      journal        = "JHEP",
      volume         = "10",
      pages          = "018",
      doi            = "10.1088/1126-6708/2008/10/018",
      year           = "2008",
      eprint         = "0806.3427",
      archivePrefix  = "arXiv",
      primaryClass   = "hep-ph",
      reportNumber   = "BNL-HET-08-7",
      SLACcitation   = "%%CITATION = ARXIV:0806.3427;%%",
}
%
@article{Hagiwara:2009wt,
      author         = "Hagiwara, Kaoru and Li, Qiang and Mawatari, Kentarou",
      title          = "{Jet angular correlation in vector-boson fusion processes
                        at hadron colliders}",
      journal        = "JHEP",
      volume         = "07",
      pages          = "101",
      doi            = "10.1088/1126-6708/2009/07/101",
      year           = "2009",
      eprint         = "0905.4314",
      archivePrefix  = "arXiv",
      primaryClass   = "hep-ph",
      reportNumber   = "KEK-TH-1219, KA-TP-08-03, SFB-CPP-08-03, HD-THEP-09-6,
                        KIAS-P08016",
      SLACcitation   = "%%CITATION = ARXIV:0905.4314;%%",
}
%
@article{Gao:2010qx,
      author         = "Gao, Yanyan and Gritsan, Andrei V. and Guo, Zijin and
                        Melnikov, Kirill and Schulze, Markus and others",
      title          = "{Spin determination of single-produced resonances at
                        hadron colliders}",
      journal        = "Phys.Rev.",
      volume         = "D81",
      pages          = "075022",
      doi            = "10.1103/PhysRevD.81.075022",
      year           = "2010",
      eprint         = "1001.3396",
      archivePrefix  = "arXiv",
      primaryClass   = "hep-ph",
      reportNumber   = "FERMILAB-PUB-10-011-E",
      SLACcitation   = "%%CITATION = ARXIV:1001.3396;%%",
}
%
@article{Gainer:2011xz,
      author         = "Gainer, James S. and Kumar, Kunal and Low, Ian and
                        Vega-Morales, Roberto",
      title          = "{Improving the sensitivity of Higgs boson searches in the
                        golden channel}",
      journal        = "JHEP",
      volume         = "11",
      pages          = "027",
      doi            = "10.1007/JHEP11(2011)027",
      year           = "2011",
      eprint         = "1108.2274",
      archivePrefix  = "arXiv",
      primaryClass   = "hep-ph",
      SLACcitation   = "%%CITATION = ARXIV:1108.2274;%%",
}
%
@article{Chatrchyan:2012sn,
      author         = "Chatrchyan, Serguei and others",
      title          = "{Search for a Higgs boson in the decay channel H to ZZ(*)
                        to q qbar l-l+ in pp collisions at sqrt(s) = 7 TeV}",
      collaboration  = "CMS",
      journal        = "JHEP",
      volume         = "1204",
      pages          = "036",
      year           = "2012",
      eprint         = "1202.1416",
      archivePrefix  = "arXiv",
      primaryClass   = "hep-ex",
      reportNumber   = "CMS-HIG-11-027, CERN-PH-EP-2012-028",
      SLACcitation   = "%%CITATION = ARXIV:1202.1416;%%",
}
%
%
@Article{Brandt:1997gi,
     author    = "Brandt, A. and others",
 collaboration = "UA8",
     title     = "Measurements of single diffraction at $\sqrt{s} =$ 630 {GeV}:
                  Evidence for  a non-linear $\alpha(t)$ of the pomeron",
     journal   = "Nucl. Phys. B",
     volume    = "514",
     year      = "1998",
     pages     = "3",
     SLACcitation  = "%%CITATION = HEP-EX 9710004;%%",
     doi       = "10.1016/S0550-3213(97)00813-4"
}
@ARTICLE{Buchmuller:1986zs,
     AUTHOR       = "Buchm{\"u}ller, W. and Wyler, D.",
     TITLE        = "Constraints on {SU(5)}-type leptoquarks",
     JOURNAL      = "Phys. Lett. B",
     VOLUME       = "177",
     YEAR         = "1986",
     pages        = "377",
     SLACcitation  = "%%CITATION = PHLTA,B191,442;%%",
     doi          = "10.1016/0370-2693(86)90771-9"}
@Article{PTDR2,
     author    = "{CMS Collaboration}",
     title     = "{CMS} technical design report, volume {II}: {Physics}
                  performance",
     journal   = "J. Phys. G",
     volume    = "34",
     year      = "2007",
     pages     = "995-1579",
     doi       = "10.1088/0954-3899/34/6/S01",
     SLACcitation  = "%%CITATION = JPHGB,G34,995;%%"
}
% PAS are now TECHREPORTS. Same for Notes. A formatted list of PASs is located in [svn]/utils/branches/dev/general/pasBib-tech.bib
@TECHREPORT{CMS-PAS-JME-10-003,
      AUTHOR      = "{CMS Collaboration}",
      COLLABORATION = {CMS},
      TITLE       = "Jet Performance in pp Collisions at $\sqrt{s}$=7 {TeV}",
      URL         = "http://cdsweb.cern.ch/record/1279362",
      TYPE     = "CMS Physics Analysis Summary",
      NUMBER      = "CMS-PAS-JME-10-003",
      YEAR        = "2010"
}
%SPIRES had this one as R. Adolphi, et. al. Wrong.
@Article{:2008zzk,
     author    = "Chatrchyan, S. and others",
     collaboration = "CMS",
     title     = "The {CMS} experiment at the {CERN} {LHC}",
     journal   = "JINST",
     volume    = "3",
     year      = "2008",
     pages     = "S08004",
     doi       = "10.1088/1748-0221/3/08/S08004",
     SLACcitation  = "%%CITATION = JINST,3,S08004;%%"
}
%
% An example of a document which only appears on arXiv
%
@UNPUBLISHED{LEPewkfits,
     author = "{ALEPH, CDF, D0, DELPHI, L3, OPAL, SLD Collaborations,
                                    the LEP Electroweak Working Group, the Tevatron Electroweak Working Group, and the SLD Electroweak and Heavy Flavour Groups}",
     title     = "Precision electroweak measurements and constraints on
the {Standard Model}",
     URL       = "http://lepewwg.web.cern.ch/LEPEWWG",
     eprint    = "1012.2367",
     archivePrefix = "arXiv",
     primaryClass  =  "hep-ex",
     year  = "2010",
     SLACcitation  = "%%CITATION = 1012.2367;%%"
}
%
% A document hosted on a laboratory server
%
@TECHREPORT{Bertram:2000br,
  author = " Bertram, I. and Landsberg, G. and Linnemann, J. and Partridge, R. and Paterno, M. and Prosper, H.B.",
  title =  "A Recipe for the construction of confidence limits",
  institution = "Fermilab",
  number     = "{TM-2104}",
  url = "http://lss.fnal.gov/archive/test-tm/2000/fermilab-tm-2104.pdf",
  year = "2000"
 }
%
% A CMS paper submitted but not yet accepted; The SLACcitation is not necessary. This one is now accepted rather than submitted, however.
%
@Unpublished{Khachatryan:2010mp,
     author    = "{CMS Collaboration}",
     collaboration = "CMS",
     title     = "Search for Pair Production of First-Generation Scalar Leptoquarks in pp Collisions at $\sqrt{s} = 7$ {TeV}",
     note  = "Submitted to \textit{Phys. Rev. Lett.}",
     eprint    = "1012.4031",
     archivePrefix = "arXiv",
     primaryClass  =  "hep-ex",
     year = "2010",
     SLACcitation  = "%%CITATION = 1012.4031;%%"
}
@INPROCEEDINGS{RooStats,
  AUTHOR       = "Moneta, L. and Belasco, K. and  Cranmer, K.S. and Lazzaro, A. and Piparo, D. and Schott, G. and Verkerke, W. and Wolf, M. ",
  TITLE        = "The {R}oo{S}tats {P}roject",
  BOOKTITLE = "13$^\mathrm{th}$ International Workshop on Advanced Computing and Analysis Techniques in Physics Research (ACAT2010)",
  YEAR         = "2010",
  PUBLISHER = "SISSA",
  NOTE = "{PoS(ACAT2010)057}",
  eprint = "1009.1003",
  primaryClass = "physics.data-an"
}
%
@Techreport{LHC-HCG,
    author = "{ATLAS and CMS Collaborations, LHC Higgs Combination Group}",
    institution = "CERN",
    title = "Procedure for the LHC Higgs boson search combination in Summer 2011",
    url = "http://cdsweb.cern.ch/record/1379837",
    type = "ATL-PHYS-PUB/CMS NOTE",
    number = "2011-11, 2011/005",
    year = "2011"
}
%
@Techreport{LEP-CLs,
        author    = "Read, A.L.",
        title = "Modified frequentist analysis of search results (the ${CL}_s$ method)",
        institution   = "CERN",
        number    = "CERN-OPEN-2000-005",
        year      = "2000",
        pages     = "81",
        url       = "http://cdsweb.cern.ch/record/451614"
}
%
@ARTICLE{Junk,
  author = {Junk, Thomas},
  title = {Confidence level computation for combining searches with small statistics},
  journal = {Nucl. Instrum. Meth. A},
  year = {1999},
  volume = {434},
  pages = {435},
  eprint = "hep-ex/9902006",
  archiveprefix = {arXiv},
  doi = {10.1016/S0168-9002(99)00498-2},
  primaryclass = {hep-ex}
}
%
@Article{Nakamura:2010zzi,
     author    =  "{Particle Data Group}",
     title     = "{Review of particle physics}",
     journal   = "J. Phys.",
     volume    = "G37",
     year      = "2010",
     pages     = "075021",
     doi       = "10.1088/0954-3899/37/7A/075021",
     SLACcitation  = "%%CITATION = JPHGB,G37,075021;%%"
}
%
@phdthesis{CrystalBall,
     author    = "Oreglia, M.",
     title     = "{A study of the reactions psi-prime $\to$ gamma gamma
                  psi}",
     school = {Stanford University},
     year = 1980,
     note     = "SLAC-0236"
}
%
@TECHREPORT{MUO-10-004,
     author    = "{CMS Collaboration}",
     institution = "CERN",
     collaboration = "CMS",
     title     = "MUO-10-004: Performance of {CMS} muon reconstruction in {pp} collision events at {$sqrt{s}$ = 7 TeV}",
     note  = "In preparation to \textit{JINST}",
     url   = "http://cms.cern.ch/iCMS/jsp/analysis/admin/analysismanagement.jsp?ancode=MUO-10-004",
     year = "2010",
}
%
@Unpublished{TRK-11-001,
     author    = "{CMS Collaboration}",
     collaboration = "CMS",
     title     = "TRK-10-001: Description and Performance of the {CMS} Track and Primary Vertex Reconstruction",
     note  = "In preparation",
     url   = "http://cms.cern.ch/iCMS/jsp/analysis/admin/analysismanagement.jsp?ancode=TRK-11-001",
     year = "2011",
}
%

@ARTICLE{CMS-DPS-2011-003,
     AUTHOR       = "{CMS Collaboration}",
     COLLABORATION = {CMS},
     TITLE        = "Electron commissioning results at at $\sqrt{s}=7$ TeV",
     JOURNAL      = "CMS Detector Performance Summaries",
     VOLUME       = "2011/003",
     URL          = "FIXME",
     YEAR         = "2011",
     }
%
@ARTICLE{CMS-PAS-EGM-10-004,
      AUTHOR      = "{CMS Collaboration}",
      COLLABORATION = {CMS},
     TITLE       = "Electron reconstruction and identification at $\sqrt{s} = 7$ TeV",
      URL         = "http://cdsweb.cern.ch/record/1299116",
      TYPE     = "CMS Physics Analysis Summary",
      VOLUME      = "CMS-PAS-EGM-10-004",
      YEAR        = "2010"
}
%
@article{CMS:2012bw,
      author         = "Chatrchyan, Serguei and others",
      title          = "{Observation of Z decays to four leptons with the CMS
                        detector at the LHC}",
      collaboration  = "CMS",
      journal        = "JHEP",
      volume         = "12",
      pages          = "034",
      doi            = "10.1007/JHEP12(2012)034",
      year           = "2012",
      eprint         = "1210.3844",
      archivePrefix  = "arXiv",
      primaryClass   = "hep-ex",
      reportNumber   = "CMS-SMP-12-009, CERN-PH-EP-2012-283",
      SLACcitation   = "%%CITATION = ARXIV:1210.3844;%%",
}

@article{TEVHIGGS-2010,
  author = "{CDF and D0 Collaborations}",
  title = "{Combination of Tevatron Searches for the Standard Model Higgs Boson in the ${W}^{+}{W}^{-}$ Decay Mode}",
     journal   = "Phys. Rev. Lett.",
     volume    = "104",
     year      = "2010",
     pages     = "061802",
     doi       = "10.1103/PhysRevLett.104.061802",
     note      = "a more recent, unpublished, limit is given in preprint arXiv:1103.3233."
}
%

@techreport{:2010vi,
      key            = "880855",
      title          = "{Precision Electroweak Measurements and Constraints on
                        the Standard Model}",
      author  = "{ALEPH, CDF, D0, DELPHI, L3, OPAL, SLD Collaborations, the LEP Electroweak Working
      Group, the Tevatron Electroweak Working Group, and the SLD Electroweak and Heavy
      Flavour Groups}",
      year           = "2010",
      eprint         = "1012.2367",
      archivePrefix  = "arXiv",
      primaryClass   = "hep-ex",
      reportNumber   = "CERN-PH-EP-2010-095, FERMILAB-TM-2480-PPD,
                        LEPEWWG-2010-01, TEVEWWG-2010-01,
                        ALEPH-2010-001-PHYSICS-2010-001, CDF-NOTE-10338,
                        D0-NOTE-6130, DELPHI-DELPHI-2010-001-PHYS-952,
                        L3-NOTE-2837, OPAL-PR432, SLAC-PUB-14301",
      SLACcitation   = "%%CITATION = ARXIV:1012.2367;%%",
}

@article{:2005ema,
      author  = "{ALEPH, CDF, D0, DELPHI, L3, OPAL, SLD Collaborations, the LEP Electroweak Working
      Group, the Tevatron Electroweak Working Group, and the SLD Electroweak and Heavy
      Flavour Groups}",
      title          = "{Precision electroweak measurements on the $Z$ resonance}",
      journal        = "Phys. Rept.",
      volume         = "427",
      pages          = "257",
      doi            = "10.1016/j.physrep.2005.12.006",
      year           = "2006",
      eprint         = "hep-ex/0509008",
      archivePrefix  = "arXiv",
      primaryClass   = "hep-ex",
      reportNumber   = "SLAC-R-774",
      SLACcitation   = "%%CITATION = HEP-EX/0509008;%%",
}


@article{Aad:2011xj,
      author         = "Aad, Georges and others",
      title          = "{Measurement of the ZZ production cross section and
                        limits on anomalous neutral triple gauge couplings in
                        proton-proton collisions at sqrt(s) = 7 TeV with the ATLAS
                        detector}",
      collaboration  = "ATLAS",
      journal        = "Phys. Rev. Lett.",
      volume         = "108",
      pages          = "041804",
      doi            = "10.1103/PhysRevLett.108.041804",
      year           = "2012",
      eprint         = "1110.5016",
      archivePrefix  = "arXiv",
      primaryClass   = "hep-ex",
      reportNumber   = "CERN-PH-EP-2011-166",
      SLACcitation   = "%%CITATION = ARXIV:1110.5016;%%",
}
@Article{Bredenstein:2006rh,
    author    = "Bredenstein, A. and others",
    title     = "{Precise predictions for the Higgs-boson decay H $\rightarrow$
WW/ZZ $\rightarrow$ 4 leptons}",
    journal   = "Phys. Rev. D",
    volume    = "74",
    year      = "2006",
    pages     = "013004",
    eprint    = "hep-ph/0604011",
    archivePrefix = "arXiv",
    doi       = "10.1103/PhysRevD.74.013004",
    SLACcitation  = "%%CITATION = HEP-PH/0604011;%%"
}
%   author    = "Bredenstein, A. and Denner, Ansgar and Dittmaier, S. and
%                 Weber, M. M.",
%

@Article{Actis:2008ts,
    author    = "Actis, Stefano and others",
    title     = "{NNLO Computational Techniques: the Cases $H \to
\gamma
                 \gamma$ and $H \to g g$}",
    journal   = "Nucl. Phys. B",
    volume    = "811",
    year      = "2009",
    pages     = "182",
    eprint    = "0809.3667",
    archivePrefix = "arXiv",
    primaryClass  =  "hep-ph",
    doi       = "10.1016/j.nuclphysb.2008.11.024",
    SLACcitation  = "%%CITATION = 0809.3667;%%"
}
%    author    = "Actis, Stefano and Passarino, Giampiero and
%Sturm,Christian and Uccirati, Sandro",

@article{Bredenstein:2006ha,
     author         = "Bredenstein, A. and others",
     title          = "{Radiative corrections to the semileptonic and hadronic
                       Higgs-boson decays H $\rightarrow $W W / Z Z$\rightarrow$ 4
                       fermions}",
     journal        = "JHEP",
     volume         = "02",
     pages          = "080",
     year           = "2007",
     eprint         = "hep-ph/0611234",
     archivePrefix  = "arXiv",
     primaryClass   = "hep-ph",
     doi  = "10.1088/1126-6708/2007/02/080"

}
%
@Article{hdecay2,
    author    = "Djouadi, A. and Kalinowski, J. and Spira, M.",
    title     = "{HDECAY: A program for Higgs boson decays in the standard
                 model and its  supersymmetric extension}",
    journal   = "Comput. Phys. Commun.",
    volume    = "108",
    year      = "1998",
    pages     = "56",
    eprint    = "hep-ph/9704448",
    archivePrefix = "arXiv",
    doi       = "10.1016/S0010-4655(97)00123-9",
    SLACcitation  = "%%CITATION = HEP-PH/9704448;%%"
}
@inproceedings{hdecay2OLD,
       author  = "Djouadi, A. and others",
       title           = "{An update of the program HDECAY}",
       booktitle       = "{The Les Houches 2009 workshop on TeV
colliders: The tools and Monte Carlo working group summary
report}",
       year           = "2010",
       eprint         = "1003.1643",
       archivePrefix  = "arXiv",
       primaryClass   = "hep-ph",
}
%
    @article{Bozzi:2005wk,
      author         = "Bozzi, Giuseppe and Catani, Stefano and de Florian,
                        Daniel and Grazzini, Massimiliano",
      title          = "{Transverse-momentum resummation and the spectrum of the
                        Higgs boson at the LHC}",
      journal        = "Nucl. Phys. B",
      volume         = "737",
      pages          = "73",
      doi            = "10.1016/j.nuclphysb.2005.12.022",
      year           = "2006",
      eprint         = "hep-ph/0508068",
      archivePrefix  = "arXiv",
      primaryClass   = "hep-ph",
}
%
@article{ttbarCS,
     author = "Cacciari, M and Frixione, S and Mangano, M.L. and Nason, P. and Ridolfi, G.",
       title = "Updated predictions for the total production crosssections of top and of heavier
         quark pairs at the Tevatron and at the LHC",
      eprint         = "0804.2800v3",
      archivePrefix  = "arXiv",
      primaryClass   = "hep-ph"
}
@article{DeRujula:2010ys,
      author         = "De Rujula, A. and Lykken, Joseph and Pierini, Maurizio
                        and Rogan, Christopher and Spiropulu, Maria",
      title          = "{Higgs look-alikes at the LHC}",
      journal        = "Phys.Rev.",
      volume         = "D82",
      pages          = "013003",
      doi            = "10.1103/PhysRevD.82.013003",
      year           = "2010",
      eprint         = "1001.5300",
      archivePrefix  = "arXiv",
      primaryClass   = "hep-ph",
      reportNumber   = "FERMILAB-PUB-10-019-T, CALT-68-2772",
      SLACcitation   = "%%CITATION = ARXIV:1001.5300;%%",
}
 @article{Cabibbo:1965zz,
      author         = "Cabibbo, Nicola and Maksymowicz, Alexander",
      title          = "{Angular Correlations in Ke-4 Decays and Determination of
                        Low-Energy pi-pi Phase Shifts}",
      journal        = "Phys.Rev.",
      volume         = "137",
      pages          = "B438-B443",
      doi            = "10.1103/PhysRev.137.B438, 10.1103/PhysRev.168.1926",
      year           = "1965",
      SLACcitation   = "%%CITATION = PHRVA,137,B438;%%",
}
%
@article{hres,
      author         = "De Florian, Daniel and Ferrera, Giancarlo and Grazzini, Massimiliano and Tommasini, Damiano",
      title          = "{Higgs boson production at the LHC: transverse momentum resummation effects in the $H \to \gamma \gamma$, $H \to WW \to \ell\nu\ell\nu$ and $H \to ZZ \to 4\ell$ decay modes}",
      eprint         = "1203.6321v1",
      archivePrefix  = "arXiv",
      primaryClass   = "hep-ph"
}
@article{keith,
      AUTHOR      = "{CMS Collaboration}",
      COLLABORATION = {CMS},
      title         = "{Measurement of the $\Lambda_b$ cross section and the ${\bar \Lambda}_b$ to $\Lambda_b$ ratio with $J/\psi \Lambda$ decays in pp collisions at $\sqrt{s}$ = 7 TeV}",
      journal        = "Phys.Lett.",
      volume         = "B714",
      pages          = "136",
      doi            = "10.1016/j.physletb.2012.05.063",
      year           = "2012",
}
@article{powhegvv,
      author         ="Melia, Tom and Nason, Paolo and Roentsch, Raoul and Zanderighi, Giulia",
      title         = "{$ZZ$, $W^{\pm}Z$ and $W^+W^-$ production, including $\gamma$/Z interference, singly resonant contributions and interference for identical leptons}",
      journal        ="JHEP",
      volume         ="1111",
      year           ="2011", 
      pages          ="078", 
}
%highMass citations
@article{Goria:2011wa,
      author         = "Goria, Stefano and Passarino, Giampiero and Rosco, Dario",
      title          = "{The Higgs Boson Lineshape}",
      journal        = "Nucl.Phys.",
      volume         = "B864",
      pages          = "530-579",
      doi            = "10.1016/j.nuclphysb.2012.07.006",
      year           = "2012",
      eprint         = "1112.5517",
      archivePrefix  = "arXiv",
      primaryClass   = "hep-ph",
      SLACcitation   = "%%CITATION = ARXIV:1112.5517;%%",
}
@article{Passarino:2012ri,
      author         = "Passarino, Giampiero",
      title          = "{Higgs Interference Effects in $\Pg \Pg \to \PZ\PZ$ and their Uncertainty}",
      journal        = "JHEP",
      volume         = "1208",
      pages          = "146",
      doi            = "10.1007/JHEP08(2012)146",
      year           = "2012",
      eprint         = "1206.3824",
      archivePrefix  = "arXiv",
      primaryClass   = "hep-ph",
      SLACcitation   = "%%CITATION = ARXIV:1206.3824;%%",
}

@Article{antikt,
     author    = "Cacciari, Matteo and Salam, Gavin P. and Soyez, Gregory",
     title     = "{The anti-$k_t$ jet clustering algorithm}",
     journal   = "JHEP",
     volume    = "04",
     year      = "2008",
     pages     = "063",
     eprint    = "0802.1189",
     archivePrefix = "arXiv",
     primaryClass  =  "hep-ph",
     doi       = "10.1088/1126-6708/2008/04/063",
     SLACcitation  = "%%CITATION = 0802.1189;%%"
}

@Article{FASTJET1,
     author    = "Cacciari, Matteo and Salam, Gavin P.",
     title     = "{Pileup subtraction using jet areas}",
     journal   = "Phys. Lett.",
     volume    = "B659",
     year      = "2008",
     pages     = "119-126",
     eprint    = "0707.1378",
     archivePrefix = "arXiv",
     primaryClass  =  "hep-ph",
     doi       = "10.1016/j.physletb.2007.09.077",
     SLACcitation  = "%%CITATION = 0707.1378;%%"
}

@Article{jetL2L3,
     AUTHOR       = "{CMS Collaboration}",
     TITLE        = "Jet Energy Corrections determination at 7 TeV",
     JOURNAL      = "CMS PAS JME",
     YEAR         = "2010"
}

@Article{PhilJetId,
     AUTHOR       = "{P. Harris et al.}",
     TITLE        = "Update on pile-up mitigation in jets",
     JOURNAL      = "JetMET meeting"
     YEAR         = "2012"
}

@article{atlas:20127tev,
      author         = "ATLAS",
      title          = "{Combined search for the Standard Model Higgs boson in
                        pp collisions at sqrt(s) = 7 TeV with the ATLAS
                        detector}",
      collaboration  = "ATLAS",
      journal        = "Phys. Rev. D",
      volume         = "86",
      pages          = "032003",
      doi            = "10.1103/PhysRevD.86.032003",
      year           = "2012",
      eprint         = "1207.0319",
      archivePrefix  = "arXiv",
      primaryClass   = "hep-ex",
      reportNumber   = "CERN-PH-EP-2012-167",
      SLACcitation   = "%%CITATION = ARXIV:1207.0319;%%",
}
@article{ATLAS:2012ae,
      author         = "Aad, Georges and others",
      title          = "{Combined search for the Standard Model Higgs boson using
                        up to 4.9 fb$^{-1}$ of $pp$ collision data at $\sqrt{s}=7$
                        TeV with the ATLAS detector at the LHC}",
      collaboration  = "ATLAS",
      journal        = "Phys. Lett. B",
      volume         = "710",
      pages          = "49-66",
      doi            = "10.1016/j.physletb.2012.02.044",
      year           = "2012",
      eprint         = "1202.1408",
      archivePrefix  = "arXiv",
      primaryClass   = "hep-ex",
      reportNumber   = "CERN-PH-EP-2012-019",
      SLACcitation   = "%%CITATION = ARXIV:1202.1408;%%",
}
@article{Obs:2012gu,
      author         = "Chatrchyan, Serguei and others",
      title          = "{Observation of a new boson at a mass of 125 GeV with the
                        CMS experiment at the LHC}",
      collaboration  = "CMS",
      journal        = "Phys.Lett.",
      volume         = "B716",
      pages          = "30-61",
      doi            = "10.1016/j.physletb.2012.08.021",
      year           = "2012",
      eprint         = "1207.7235",
      archivePrefix  = "arXiv",
      primaryClass   = "hep-ex",
      reportNumber   = "CMS-HIG-12-028, CERN-PH-EP-2012-220",
      SLACcitation   = "%%CITATION = ARXIV:1207.7235;%%",
}
%
@article{Bolognesi:2012mm,
      author         = "Bolognesi, Sara and Gao, Yanyan and Gritsan, Andrei V.
                        and Melnikov, Kirill and Schulze, Markus and others",
      title          = "{On the spin and parity of a single-produced resonance at
                        the LHC}",
      journal        = "Phys.Rev.",
      volume         = "D86",
      pages          = "095031",
      doi            = "10.1103/PhysRevD.86.095031",
      year           = "2012",
      eprint         = "1208.4018",
      archivePrefix  = "arXiv",
      primaryClass   = "hep-ph",
      reportNumber   = "ANL-HEP-PR-12-62, FERMILAB-PUB-12-475-PPD",
      SLACcitation   = "%%CITATION = ARXIV:1208.4018;%%",
}%

@ARTICLE{HggICHEP2012Note,
     AUTHOR       = "A. Benaglia and others",
     TITLE        = "Search for a Standard Model Higgs boson decaying into two photons in 2012 data",
     JOURNAL      = "CMS AN",
     VOLUME       = "2012/160",
     YEAR         = "2012" }
%
@ARTICLE{ElectronRegressionNote,
     AUTHOR       = "Y. Chen and others",
     TITLE        = "Electron Energy Reconstruction Using a Multivariate Regression",
     JOURNAL      = "CMS AN",
     VOLUME       = "2012/327",
     YEAR         = "2012" }
%
@ARTICLE{ElectronRegressionNote2,
     AUTHOR       = "Beaudette, F. and others",
     TITLE        = "Electron momentum determination using boosted regression trees",
     JOURNAL      = "CMS AN",
     VOLUME       = "2013/209",
     YEAR         = "2013" }
%
@ARTICLE{ZeeGammaLowPtEleEffNote,
     AUTHOR       = "Y. Chen and others",
     TITLE        = "Electron Efficiency Measurement Using the Radiative Z$\rightarrow$e+e-$\gamma$ Sample",
     JOURNAL      = "CMS AN",
     VOLUME       = "2012/311",
     YEAR         = "2012" }
%
@article{Bagnaschi:2011tu,
       author         = "Bagnaschi, E. and Degrassi, G. and Slavich, P. and
                         Vicini, A.",
       title          = "{Higgs production via gluon fusion in the POWHEG approach
                         in the SM and in the MSSM}",
       journal        = "JHEP",
       volume         = "02",
       pages          = "088",
       doi            = "10.1007/JHEP02(2012)088",
       year           = "2012",
       eprint         = "1111.2854",
       archivePrefix  = "arXiv",
       primaryClass   = "hep-ph",
       reportNumber   = "RM3-TH-11-5, IFUM-990-FT",
       SLACcitation   = "%%CITATION = ARXIV:1111.2854;%%",
 }
 
 @article{Chen:2012jy,
      author         = "Chen, Yi and Tran, Nhan and Vega-Morales, Roberto",
      title          = "{Scrutinizing the Higgs Signal and Background in the
                        $2e2\mu$ Golden Channel}",
      journal        = "JHEP",
      volume         = "01",
      pages          = "182",
      doi            = "10.1007/JHEP01(2013)182",
      year           = "2013",
      eprint         = "1211.1959",
      archivePrefix  = "arXiv",
      primaryClass   = "hep-ph",
      reportNumber   = "FERMILAB-PUB-12-588-E-PPD-T, NUHEP-TH-12-13,
                        CALT-68-2894",
      SLACcitation   = "%%CITATION = ARXIV:1211.1959;%%",
}
%

@article{Chatrchyan:2012jja,
      author         = "Chatrchyan, Serguei and others",
      title          = "{On the mass and spin-parity of the Higgs boson candidate
                        via its decays to Z boson pairs}",
      collaboration  = "CMS",
      journal        = "Phys.Rev.Lett.",
      volume         = "110",
      pages          = "081803",
      year           = "2013",
      eprint         = "1212.6639",
      archivePrefix  = "arXiv",
      primaryClass   = "hep-ex",
      reportNumber   = "CMS-HIG-12-041, CERN-PH-EP-2012-372",
      SLACcitation   = "%%CITATION = ARXIV:1212.6639;%%",
}
@article{Chatrchyan:2012ufa,
      author         = "Chatrchyan, Serguei and others",
      title          = "{Observation of a new boson at a mass of 125 GeV with the
                        CMS experiment at the LHC}",
      collaboration  = "CMS",
      journal        = "Phys.Lett.",
      volume         = "B716",
      pages          = "30-61",
      doi            = "10.1016/j.physletb.2012.08.021",
      year           = "2012",
      eprint         = "1207.7235",
      archivePrefix  = "arXiv",
      primaryClass   = "hep-ex",
      reportNumber   = "CMS-HIG-12-028, CERN-PH-EP-2012-220",
      SLACcitation   = "%%CITATION = ARXIV:1207.7235;%%",
}

@article{Pivk:2004ty,
      author         = "Pivk, Muriel and Le Diberder, Francois R.",
      title          = "{SPlot: A Statistical tool to unfold data distributions}",
      journal        = "Nucl.Instrum.Meth.",
      volume         = "A555",
      pages          = "356-369",
      doi            = "10.1016/j.nima.2005.08.106",
      year           = "2005",
      eprint         = "physics/0402083",
      archivePrefix  = "arXiv",
      primaryClass   = "physics.data-an",
      reportNumber   = "LAL-04-07",
      SLACcitation   = "%%CITATION = PHYSICS/0402083;%%",
}

@article{Adye:2011gm,
      author         = "Adye, Tim",
      title          = "{Unfolding algorithms and tests using RooUnfold}",
      year           = "2011",
      eprint         = "1105.1160",
      archivePrefix  = "arXiv",
      primaryClass   = "physics.data-an",
      SLACcitation   = "%%CITATION = ARXIV:1105.1160;%%",
}

@article{CMS-HIG-14-002,
      author         = "Khachatryan, Vardan and others",
      title          = "{Constraints on the Higgs boson width from off-shell
                        production and decay to Z-boson pairs}",
      collaboration  = "CMS",
      year           = "2014",
      eprint         = "1405.3455",
      archivePrefix  = "arXiv",
      primaryClass   = "hep-ex",
      reportNumber   = "CMS-HIG-14-002, CERN-PH-EP-2014-078",
      SLACcitation   = "%%CITATION = ARXIV:1405.3455;%%",
}

@article{Dell'Aquila:1985ve,
      author         = "Dell'Aquila, Joseph R. and Nelson, Charles A.",
      title          = "{$P$ or {CP} Determination by Sequential Decays: V1 V2
                        Modes With Decays Into $\bar{\ell}$ (A) $\ell (B$)
                        And/or $\bar{q}$ (A) $q (B$)}",
      journal        = "Phys.Rev.",
      volume         = "D33",
      pages          = "80",
      doi            = "10.1103/PhysRevD.33.80",
      year           = "1986",
      reportNumber   = "SUNY BING 6/18/85",
      SLACcitation   = "%%CITATION = PHRVA,D33,80;%%",
}

@article{Dell'Aquila:1985vb,
      author         = "Dell'Aquila, Joseph R. and Nelson, Charles A.",
      title          = "{Simple Tests for {CP} or $P$ Violation by Sequential
                        Decays: V1 V2 Modes With Decays Into $\bar{\ell}$ (A)
                        $\ell (B$) And/or $\bar{q}$ (A) $q (B$)}",
      journal        = "Phys.Rev.",
      volume         = "D33",
      pages          = "101",
      doi            = "10.1103/PhysRevD.33.101",
      year           = "1986",
      reportNumber   = "SUNY BING 6/20/85",
      SLACcitation   = "%%CITATION = PHRVA,D33,101;%%",
}

@article{Dell'Aquila:1985vc,
      author         = "Dell'Aquila, Joseph R. and Nelson, Charles A.",
      title          = "{Distinguishing a Spin 0 Technipion and an Elementary
                        Higgs Boson: V1 V2 Modes With Decays Into
                        $\bar{\ell}$ (A) $\ell (B$) And/or $\bar{q}$ (A) $q
                        (B$)}",
      journal        = "Phys.Rev.",
      volume         = "D33",
      pages          = "93",
      doi            = "10.1103/PhysRevD.33.93",
      year           = "1986",
      reportNumber   = "SUNY BING 6/19/85",
      SLACcitation   = "%%CITATION = PHRVA,D33,93;%%",
}

@article{Nelson:1986ki,
      author         = "Nelson, Charles A.",
      title          = "{Correlation Between Decay Planes in Higgs Boson Decays
                        Into $W$ Pair (Into $Z$ Pair)}",
      journal        = "Phys.Rev.",
      volume         = "D37",
      pages          = "1220",
      doi            = "10.1103/PhysRevD.37.1220",
      year           = "1988",
      reportNumber   = "SUNY-BING-5-14-86, C86-07-16",
      SLACcitation   = "%%CITATION = PHRVA,D37,1220;%%",
}

@article{Kniehl:1990yb,
      author         = "Kniehl, Bernd A.",
      title          = "{The Higgs Boson Decay H$ \to $Z $g g$}",
      journal        = "Phys.Lett.",
      volume         = "B244",
      pages          = "537-540",
      doi            = "10.1016/0370-2693(90)90360-I",
      year           = "1990",
      reportNumber   = "MAD-PH-563",
      SLACcitation   = "%%CITATION = PHLTA,B244,537;%%",
}

@article{Chang:1993jy,
      author         = "Chang, Darwin and Keung, Wai-Yee and Phillips, Ivan",
      title          = "{CP odd correlation in the decay of neutral Higgs boson
                        into Z Z, W+ W-, or t anti-t}",
      journal        = "Phys.Rev.",
      volume         = "D48",
      pages          = "3225-3234",
      doi            = "10.1103/PhysRevD.48.3225",
      year           = "1993",
      eprint         = "hep-ph/9303226",
      archivePrefix  = "arXiv",
      primaryClass   = "hep-ph",
      reportNumber   = "CERN-TH-6814-93",
      SLACcitation   = "%%CITATION = HEP-PH/9303226;%%",
}

@article{Arens:1994wd,
      author         = "Arens, Torsten and Sehgal, L.M.",
      title          = "{Energy spectra and energy correlations in the decay H$ \to $Z Z$ \to \mu^+ \mu^- \mu^+ \mu^-$}",
      journal        = "Z.Phys.",
      volume         = "C66",
      pages          = "89-94",
      doi            = "10.1007/BF01496583",
      year           = "1995",
      eprint         = "hep-ph/9409396",
      archivePrefix  = "arXiv",
      primaryClass   = "hep-ph",
      reportNumber   = "PITHA-94-37",
      SLACcitation   = "%%CITATION = HEP-PH/9409396;%%",
}

@article{Gunion:2012gc,
      author         = "Gunion, John F. and Jiang, Yun and Kraml, Sabine",
      title          = "{Could two NMSSM Higgs bosons be present near 125 GeV?}",
      journal        = "Phys.Rev.",
      volume         = "D86",
      pages          = "071702",
      doi            = "10.1103/PhysRevD.86.071702",
      year           = "2012",
      eprint         = "1207.1545",
      archivePrefix  = "arXiv",
      primaryClass   = "hep-ph",
      SLACcitation   = "%%CITATION = ARXIV:1207.1545;%%",
}

@article{LHCHiggsCrossSectionWorkingGroup:2012nn,
      author         = "David, A. and others",
      title          = "{LHC HXSWG interim recommendations to explore the
                        coupling structure of a Higgs-like particle}",
      collaboration  = "LHC Higgs Cross Section Working Group",
      year           = "2012",
      eprint         = "1209.0040",
      archivePrefix  = "arXiv",
      primaryClass   = "hep-ph",
      reportNumber   = "CERN-PH-TH-2012-284, LHCHXSWG-2012-001",
      SLACcitation   = "%%CITATION = ARXIV:1209.0040;%%",
}

@article{LHCHiggsCrossSectionWorkingGroup:2013tqa,
      author         = "{LHC Higgs Cross Section Working Group} and Heinemeyer, S. and Mariotti, C. and Passarino, G. and Tanaka (Eds.), R.", 
      title         = "{Handbook of LHC Higgs Cross Sections: 3. Higgs Properties}",
      journal         = "CERN-2013-004",
      year         = "CERN, Geneva, 2013",
      eprint         = "1307.1347",
      archivePrefix   = "arXiv",
      primaryClass   = "hep-ph",
      SLACcitation   = "%%CITATION = ARXIV:1307.1347;%%",
}

@techreport{CMS-PAS-LUM-13-001,
      title         = "{CMS Luminosity Based on Pixel Cluster Counting - Summer
                       2013 Update}",
      institution   = "CERN",
      collaboration = "CMS",
      address       = "Geneva",
      number        = "CMS-PAS-LUM-13-001",
      year          = "2013",
}

@techreport{CMS-PAS-EWK-11-001,
      title         = "{Absolute Calibration of Luminosity Measurement at CMS:
                       Summer 2011 Update}",
      institution   = "CERN",
      collaboration = "CMS",
      address       = "Geneva",
      number        = "CMS-PAS-EWK-11-001",
      year          = "2011",
}

@article{Anderson:2013afp,
      author         = "Anderson, Ian and Bolognesi, Sara and Caola, Fabrizio and
                        Gao, Yanyan and Gritsan, Andrei V. and others",
      title          = "{Constraining anomalous HVV interactions at proton and
                        lepton colliders}",
      journal        = "Phys.Rev.",
      volume         = "D89",
      pages          = "035007",
      doi            = "10.1103/PhysRevD.89.035007",
      year           = "2014",
      eprint         = "1309.4819",
      archivePrefix  = "arXiv",
      primaryClass   = "hep-ph",
      reportNumber   = "FERMILAB-PUB-13-386-PPD",
      SLACcitation   = "%%CITATION = ARXIV:1309.4819;%%",
}

@article{Chen:2013ejz,
      author         = "Chen, Yi and Vega-Morales, Roberto",
      title          = "{Extracting Effective Higgs Couplings in the Golden
                        Channel}",
      journal        = "JHEP",
      volume         = "04",
      pages          = "057",
      doi            = "10.1007/JHEP04(2014)057",
      year           = "2014",
      eprint         = "1310.2893",
      archivePrefix  = "arXiv",
      primaryClass   = "hep-ph",
      reportNumber   = "FERMILAB-PUB-13-351-T, LPT-ORSAY-13-73, NUHEP-TH-13-03",
      SLACcitation   = "%%CITATION = ARXIV:1310.2893;%%",
}

@article{Chen:2014pia,
      author         = "Chen, Yi and Di Marco, Emanuele and Lykken, Joe and
                        Spiropulu, Maria and Vega-Morales, Roberto and others",
      title          = "{8D Likelihood Effective Higgs Couplings Extraction
                        Framework in the Golden Channel}",
      year           = "2014",
      eprint         = "1401.2077",
      archivePrefix  = "arXiv",
      primaryClass   = "hep-ex",
      reportNumber   = "FERMILAB-PUB-13-555-T, NUHEP-TH-13-06, LPT-ORSAY-13-100,
                        CALT-68-2874,  --CALT-68-2874",
      SLACcitation   = "%%CITATION = ARXIV:1401.2077;%%",
}

@article{Chen:2014gka,
      author         = "Chen, Yi and Harnik, Roni and Vega-Morales, Roberto",
      title          = "{Probing the Higgs Couplings to Photons in $h\rightarrow
                        4\ell$ at the LHC}",
      year           = "2014",
      eprint         = "1404.1336",
      archivePrefix  = "arXiv",
      primaryClass   = "hep-ph",
      reportNumber   = "FERMILAB-PUB-14-048-PPD-T, LPT-ORSAY-14-13, CALT-68-2883,
                        NUHEP-TH-14-02",
      SLACcitation   = "%%CITATION = ARXIV:1404.1336;%%",
}

@article{Campbell:2011bn,
      author         = "Campbell, John M. and Ellis, R. Keith and Williams,
                        Ciaran",
      title          = "{Vector boson pair production at the LHC}",
      journal        = "JHEP",
      volume         = "1107",
      pages          = "018",
      doi            = "10.1007/JHEP07(2011)018",
      year           = "2011",
      eprint         = "1105.0020",
      archivePrefix  = "arXiv",
      primaryClass   = "hep-ph",
      reportNumber   = "FERMILAB-PUB-11-182-T",
      SLACcitation   = "%%CITATION = ARXIV:1105.0020;%%",
}

@article{Bonvini:2013,
  title = {Signal-background interference effects for gg$\rightarrow${}H$\rightarrow${}W$^+$W$^-$ beyond leading order},
  author = {Bonvini, Marco and Caola, Fabrizio and Forte, Stefano and Melnikov, Kirill and Ridolfi, Giovanni},
  journal = {Phys. Rev. D},
  volume = {88},
  issue = {3},
  pages = {034032},
  numpages = {6},
  year = {2013},
  month = {Aug},
  publisher = {American Physical Society},
  doi = {10.1103/PhysRevD.88.034032},
  url = {http://link.aps.org/doi/10.1103/PhysRevD.88.034032}
}

@article{Matchev:1999nb,
      author         = "Matchev, Konstantin T. and Pierce, Damien M.",
      title          = "{Supersymmetry reach of the Tevatron via trilepton, like
                        sign dilepton and dilepton plus $\tau$ jet signatures}",
      journal        = "Phys.Rev.",
      volume         = "D60",
      pages          = "075004",
      doi            = "10.1103/PhysRevD.60.075004",
      year           = "1999",
      eprint         = "hep-ph/9904282",
      archivePrefix  = "arXiv",
      primaryClass   = "hep-ph",
      reportNumber   = "FERMILAB-PUB-99-078-T",
      SLACcitation   = "%%CITATION = HEP-PH/9904282;%%",
}

@article{Matchev:1999yn,
      author         = "Matchev, Konstantin T. and Pierce, Damien M.",
      title          = "{New backgrounds in trilepton, dilepton and dilepton plus
                        $\tau$ jet SUSY signals at the Tevatron}",
      journal        = "Phys.Lett.",
      volume         = "B467",
      pages          = "225-231",
      doi            = "10.1016/S0370-2693(99)01155-7",
      year           = "1999",
      eprint         = "hep-ph/9907505",
      archivePrefix  = "arXiv",
      primaryClass   = "hep-ph",
      reportNumber   = "FERMILAB-PUB-99-209-T",
      SLACcitation   = "%%CITATION = HEP-PH/9907505;%%",
}

@article{Accomando:2006ga,
      author         = "Accomando, E. and Akeroyd, A.G. and Akhmetzyanova, E. and
                        Albert, J. and Alves, A. and others",
      title          = "{Workshop on CP Studies and Non-Standard Higgs Physics}",
      year           = "2006",
      eprint         = "hep-ph/0608079",
      archivePrefix  = "arXiv",
      primaryClass   = "hep-ph",
      reportNumber   = "CERN-2006-009",
      SLACcitation   = "%%CITATION = HEP-PH/0608079;%%",
}

@article{Han:2000mi,
      author         = "Han, Tao and Jiang, J.",
      title          = "{CP violating Z Z H coupling at e+ e- linear colliders}",
      journal        = "Phys.Rev.",
      volume         = "D63",
      pages          = "096007",
      doi            = "10.1103/PhysRevD.63.096007",
      year           = "2001",
      eprint         = "hep-ph/0011271",
      archivePrefix  = "arXiv",
      primaryClass   = "hep-ph",
      reportNumber   = "MAD-PH-00-1201",
      SLACcitation   = "%%CITATION = HEP-PH/0011271;%%",
}

@article{Plehn:2001nj,
      author         = "Plehn, Tilman and Rainwater, David L. and Zeppenfeld,
                        Dieter",
      title          = "{Determining the structure of Higgs couplings at the
                        LHC}",
      journal        = "Phys.Rev.Lett.",
      volume         = "88",
      pages          = "051801",
      doi            = "10.1103/PhysRevLett.88.051801",
      year           = "2002",
      eprint         = "hep-ph/0105325",
      archivePrefix  = "arXiv",
      primaryClass   = "hep-ph",
      reportNumber   = "MADPH-01-1229, FERMILAB-PUB-01-067-T",
      SLACcitation   = "%%CITATION = HEP-PH/0105325;%%",
}

@article{Hankele:2006ma,
      author         = "Hankele, V. and Klamke, G. and Zeppenfeld, D. and Figy,
                        T.",
      title          = "{Anomalous Higgs boson couplings in vector boson fusion
                        at the CERN LHC}",
      journal        = "Phys.Rev.",
      volume         = "D74",
      pages          = "095001",
      doi            = "10.1103/PhysRevD.74.095001",
      year           = "2006",
      eprint         = "hep-ph/0609075",
      archivePrefix  = "arXiv",
      primaryClass   = "hep-ph",
      reportNumber   = "KA-TP-09-2006",
      SLACcitation   = "%%CITATION = HEP-PH/0609075;%%",
}

@article{Christensen:2010pf,
      author         = "Christensen, Neil D. and Han, Tao and Li, Yingchuan",
      title          = "{Testing CP Violation in ZZH Interactions at the LHC}",
      journal        = "Phys.Lett.",
      volume         = "B693",
      pages          = "28-35",
      doi            = "10.1016/j.physletb.2010.08.008",
      year           = "2010",
      eprint         = "1005.5393",
      archivePrefix  = "arXiv",
      primaryClass   = "hep-ph",
      reportNumber   = "MADPH-10-1560, NPAC-10-08",
      SLACcitation   = "%%CITATION = ARXIV:1005.5393;%%",
}

@article{Desai:2011yj,
      author         = "Desai, Nishita and Ghosh, Dilip Kumar and Mukhopadhyaya,
                        Biswarup",
      title          = "{CP-violating HWW couplings at the Large Hadron
                        Collider}",
      journal        = "Phys.Rev.",
      volume         = "D83",
      pages          = "113004",
      doi            = "10.1103/PhysRevD.83.113004",
      year           = "2011",
      eprint         = "1104.3327",
      archivePrefix  = "arXiv",
      primaryClass   = "hep-ph",
      reportNumber   = "HRI-RECAPP-2011-002",
      SLACcitation   = "%%CITATION = ARXIV:1104.3327;%%",
}

@article{Stolarski:2012ps,
      author         = "Stolarski, Daniel and Vega-Morales, Roberto",
      title          = "{Directly Measuring the Tensor Structure of the Scalar
                        Coupling to Gauge Bosons}",
      journal        = "Phys.Rev.",
      volume         = "D86",
      pages          = "117504",
      doi            = "10.1103/PhysRevD.86.117504",
      year           = "2012",
      eprint         = "1208.4840",
      archivePrefix  = "arXiv",
      primaryClass   = "hep-ph",
      reportNumber   = "FERMILAB-PUB-12-499-PPD-T, NUHEP-TH-12-10,
                        UMD-PP-012-018, CAS-KITPC-ITP-343,  --CAS-KITPC-ITP-343",
      SLACcitation   = "%%CITATION = ARXIV:1208.4840;%%",
}

@article{Ellis:2012xd,
      author         = "Ellis, John and Hwang, Dae Sung and Sanz, Veronica and
                        You, Tevong",
      title          = "{A Fast Track towards the `Higgs' Spin and Parity}",
      journal        = "JHEP",
      volume         = "11",
      pages          = "134",
      doi            = "10.1007/JHEP11(2012)134",
      year           = "2012",
      eprint         = "1208.6002",
      archivePrefix  = "arXiv",
      primaryClass   = "hep-ph",
      reportNumber   = "KCL-PH-TH-2012-38, LCTS-2012-22, CERN-PH-TH-2012-226",
      SLACcitation   = "%%CITATION = ARXIV:1208.6002;%%",
}

@article{Englert:2012ct,
      author         = "Englert, Christoph and Spannowsky, Michael and Takeuchi,
                        Michihisa",
      title          = "{Measuring Higgs CP and couplings with hadronic event
                        shapes}",
      journal        = "JHEP",
      volume         = "1206",
      pages          = "108",
      doi            = "10.1007/JHEP06(2012)108",
      year           = "2012",
      eprint         = "1203.5788",
      archivePrefix  = "arXiv",
      primaryClass   = "hep-ph",
      reportNumber   = "IPPP-12-19, DCPT-12-38",
      SLACcitation   = "%%CITATION = ARXIV:1203.5788;%%",
}

@article{Boughezal:2012tz,
      author         = "Boughezal, Radja and LeCompte, Thomas J. and Petriello,
                        Frank",
      title          = "{Single-variable asymmetries for measuring the `Higgs'
                        boson spin and CP properties}",
      year           = "2012",
      eprint         = "1208.4311",
      archivePrefix  = "arXiv",
      primaryClass   = "hep-ph",
      SLACcitation   = "%%CITATION = ARXIV:1208.4311;%%",
}

@article{Artoisenet:2013puc,
      author         = "Artoisenet, P. and de Aquino, P. and Demartin, F. and
                        Frederix, R. and Frixione, S. and others",
      title          = "{A framework for Higgs characterisation}",
      journal        = "JHEP",
      volume         = "11",
      pages          = "043",
      doi            = "10.1007/JHEP11(2013)043",
      year           = "2013",
      eprint         = "1306.6464",
      archivePrefix  = "arXiv",
      primaryClass   = "hep-ph",
      SLACcitation   = "%%CITATION = ARXIV:1306.6464;%%",
}

@article{Gainer:2013rxa,
      author         = "Gainer, James S. and Lykken, Joseph and Matchev,
                        Konstantin T. and Mrenna, Stephen and Park, Myeonghun",
      title          = "{Geolocating the Higgs Boson Candidate at the LHC}",
      journal        = "Phys.Rev.Lett.",
      volume         = "111",
      pages          = "041801",
      doi            = "10.1103/PhysRevLett.111.041801",
      year           = "2013",
      eprint         = "1304.4936",
      archivePrefix  = "arXiv",
      primaryClass   = "hep-ph",
      reportNumber   = "CERN-PH-TH-2013-061, FERMILAB-PUB-13-063-T",
      SLACcitation   = "%%CITATION = ARXIV:1304.4936;%%",
}

@article{Sun:2013yra,
      author         = "Sun, Yi and Wang, Xian-Fu and Gao, Dao-Neng",
      title          = "{CP mixed property of the Higgs-like particle in the
                        decay channel $h\to Z Z^*\to 4l$}",
      year           = "2013",
      eprint         = "1309.4171",
      archivePrefix  = "arXiv",
      primaryClass   = "hep-ph",
      reportNumber   = "USTC-ICTS-13-12",
      SLACcitation   = "%%CITATION = ARXIV:1309.4171;%%",
}

@article{Aad:2012tfa,
      author         = "Aad, Georges and others",
      title          = "{Observation of a new particle in the search for the
                        Standard Model Higgs boson with the ATLAS detector at the
                        LHC}",
      collaboration  = "ATLAS",
      journal        = "Phys.Lett.",
      volume         = "B716",
      pages          = "1-29",
      doi            = "10.1016/j.physletb.2012.08.020",
      year           = "2012",
      eprint         = "1207.7214",
      archivePrefix  = "arXiv",
      primaryClass   = "hep-ex",
      reportNumber   = "CERN-PH-EP-2012-218",
      SLACcitation   = "%%CITATION = ARXIV:1207.7214;%%",
}

@article{Chatrchyan:2013mxa,
      author         = "Chatrchyan, Serguei and others",
      title          = "{Measurement of the properties of a Higgs boson in the
                        four-lepton final state}",
      collaboration  = "CMS",
      journal        = "Phys.Rev.",
      volume         = "D89",
      pages          = "092007",
      year           = "2014",
      eprint         = "1312.5353",
      archivePrefix  = "arXiv",
      primaryClass   = "hep-ex",
      reportNumber   = "CMS-HIG-13-002, CERN-PH-EP-2013-220",
      SLACcitation   = "%%CITATION = ARXIV:1312.5353;%%",
}

@article{Chatrchyan:2013iaa,
      author         = "Chatrchyan, Serguei and others",
      title          = "{Measurement of Higgs boson production and properties in
                        the WW decay channel with leptonic final states}",
      collaboration  = "CMS",
      journal        = "JHEP",
      volume         = "1401",
      pages          = "096",
      doi            = "10.1007/JHEP01(2014)096",
      year           = "2014",
      eprint         = "1312.1129",
      archivePrefix  = "arXiv",
      primaryClass   = "hep-ex",
      reportNumber   = "CMS-HIG-13-023, CERN-PH-EP-2013-221",
      SLACcitation   = "%%CITATION = ARXIV:1312.1129;%%",
}


@article{Aad:2013xqa,
      author         = "Aad, Georges and others",
      title          = "{Evidence for the spin-0 nature of the Higgs boson using
                        ATLAS data}",
      collaboration  = "ATLAS",
      journal        = "Phys.Lett.",
      volume         = "B726",
      pages          = "120-144",
      doi            = "10.1016/j.physletb.2013.08.026",
      year           = "2013",
      eprint         = "1307.1432",
      archivePrefix  = "arXiv",
      primaryClass   = "hep-ex",
      reportNumber   = "CERN-PH-EP-2013-102",
      SLACcitation   = "%%CITATION = ARXIV:1307.1432;%%",
}

@article{cms:2008zzk,
     author    = "Chatrchyan, S. and others",
     collaboration = "CMS",
     title     = "The {CMS} experiment at the {CERN} {LHC}",
     journal   = "JINST",
     volume    = "3",
     year      = "2008",
     pages     = "S08004",
     doi       = "10.1088/1748-0221/3/08/S08004",
     SLACcitation  = "%%CITATION = JINST,3,S08004;%%"
}

@TECHREPORT{CMS-PAS-PFT-09-001,
      AUTHOR      = "{CMS Collaboration}",
      COLLABORATION = "CMS",
      institution = "CERN",
      TITLE       = "Particle-Flow Event Reconstruction in CMS and Performance
                      for Jets, Taus, and MET",
      TYPE        = "CMS Physics Analysis Summary",
      NUMBER      = "CMS-PAS-PFT-09-001",
      YEAR        = "2009"
}
%
@TECHREPORT{CMS-PAS-PFT-10-002,
      AUTHOR      = "{CMS Collaboration}",
      COLLABORATION = "CMS",
      institution = "CERN",
      TITLE       = "Commissioning of the Particle--Flow reconstruction in Minimum--Bias and Jet Events from $pp$ Collisions at $7$~TeV",
      TYPE        = "CMS Physics Analysis Summary",
      NUMBER      = "CMS-PAS-PFT-10-002",
      YEAR        = "2010"
}

@Article{Baffioni:2006cd,
     author    = "Baffioni, S. and others",
     title     = "{Electron reconstruction in CMS}",
     journal   = "Eur. Phys. J. C",
     volume    = "49",
     year      = "2007",
     pages     = "1099",
     doi       = "10.1140/epjc/s10052-006-0175-5",
     SLACcitation  = "%%CITATION = EPHJA,C49,1099;%%"
}

@TECHREPORT{CMS-DP-2013-003,
     AUTHOR       = "{CMS Collaboration}",
     COLLABORATION = {CMS},
     institution = "CERN",
     TITLE        = "Electron performance with 19.6~fb$^{-1}$ of data at $\sqrt{s}=8$ TeV with the CMS detector",
     TYPE      = "CMS Detector Performance Summary",
     NUMBER       = "CMS-DP-2013-003",
     YEAR         = "2013",
     }

@article{Chatrchyan:2012xi,
      author         = "Chatrchyan, Serguei and others",
      title          = "{Performance of CMS muon reconstruction in pp collision
                        events at sqrt(s) = 7 TeV}",
      collaboration  = "CMS",
      journal        = "JINST",
      volume         = "7",
      pages          = "P10002",
      doi            = "10.1088/1748-0221/7/10/P10002",
      year           = "2012",
      eprint         = "1206.4071",
      archivePrefix  = "arXiv",
      primaryClass   = "physics.ins-det",
      reportNumber   = "CMS-MUO-10-004, CERN-PH-EP-2012-173",
      SLACcitation   = "%%CITATION = ARXIV:1206.4071;%%",
}

@TECHREPORT{CMS-PAS-PFT-10-003,
      AUTHOR      = "{CMS Collaboration}",
      COLLABORATION = "CMS",
      institution = "CERN",
      TITLE       = "Commissioning of the particle-flow event reconstruction with leptons from J/$\psi$ and W decays at $7$~TeV",   
      TYPE        = "CMS Physics Analysis Summary",
      NUMBER      = "CMS-PAS-PFT-10-003",
      YEAR        = "2010"
}

@article{Chatrchyan:2011xq,
      author         = "Collaboration, CMS and others",
      title          = "{Performance of tau-lepton reconstruction and
                        identification in CMS}",
      collaboration  = "CMS",
      journal        = "JINST",
      volume         = "7",
      pages          = "P01001",
      doi            = "10.1088/1748-0221/7/01/P01001",
      year           = "2012",
      eprint         = "1109.6034",
      archivePrefix  = "arXiv",
      primaryClass   = "physics.ins-det",
      SLACcitation   = "%%CITATION = ARXIV:1109.6034;%%",
}

@Unpublished{Cacciari:fastjet1,
      author         = "{M. Cacciari, G. P. Salam, G. Soyez}",
      title          = "FastJet user manual",
      year          = "2011",
      eprint         = "hep-ph/1111.6097v1",
      archivePrefix  = "arXiv",
      primaryClass   = "hep-ph",
}

@article{Cacciari:fastjet2,
      author         = "{M. Cacciari, G. P. Salam}",
      title          = "{Dispelling the $N^{3}$ myth for the $k_t$ jet-finder}",
      journal        = "Phys. Lett. B",
      volume         = "641",
      pages          = "57",
      doi            = "10.1016/j.physletb.2006.08.037",
      year           = "2006",
      eprint         = "hep-ph/0512210",
      archivePrefix  = "arXiv",
      primaryClass   = "hep-ph",
}

@Article{cmsJEC,
      author         = "{CMS Collaboration}",
      title          = "Determination of Jet Energy Calibration and Transverse Momentum Resolution in {CMS}",
      collaboration  = "CMS",
      journal        = "JINST",
      volume         = "6",
      pages          = "11002",
      doi            = "10.1088/1748-0221/6/11/P11002",
      year           = "2011"
}

@article{CMS:2011aa,
      author        = "Chatrchyan, S. and others",
      collaboration         = "CMS",
      title          = "{Measurement of the Inclusive W and Z Production Cross
                        Sections in pp Collisions at $\sqrt{s} = 7 \TeV$}",
      journal        = "JHEP",
      volume         = "10",
      pages          = "132",
      doi            = "10.1007/JHEP10(2011)132",
      year           = "2011",
      SLACcitation   = "%%CITATION = ARXIV:1107.4789;%%",
}

@article{Gainer:2014hha,
      author         = "Gainer, James S. and Lykken, Joseph and Matchev,
                        Konstantin T. and Mrenna, Stephen and Park, Myeonghun",
      title          = "{Beyond Geolocating: Constraining Higher Dimensional
                        Operators in $H \to 4\ell$ with Off-Shell Production and
                        More}",
      year           = "2014",
      eprint         = "1403.4951",
      archivePrefix  = "arXiv",
      primaryClass   = "hep-ph",
      reportNumber   = "FERMILAB-PUB-14-053-CD-T, IPMU14-0064",
      SLACcitation   = "%%CITATION = ARXIV:1403.4951;%%",
}

@article{Chen:2013waa,
      author         = "Chen, Mingshui and Cheng, Tongguang and Gainer, James S.
                        and Korytov, Andrey and Matchev, Konstantin T. and others",
      title          = "{The role of interference in unraveling the ZZ-couplings
                        of the newly discovered boson at the LHC}",
      journal        = "Phys.Rev.",
      volume         = "D89",
      pages          = "034002",
      doi            = "10.1103/PhysRevD.89.034002",
      year           = "2014",
      eprint         = "1310.1397",
      archivePrefix  = "arXiv",
      primaryClass   = "hep-ph",
      SLACcitation   = "%%CITATION = ARXIV:1310.1397;%%",
}

@article{Low:2010jp,
      author         = "Low, Ian and Lykken, Joseph",
      title          = "{Revealing the electroweak properties of a new scalar
                        resonance}",
      journal        = "JHEP",
      volume         = "10",
      pages          = "053",
      doi            = "10.1007/JHEP10(2010)053",
      year           = "2010",
      eprint         = "1005.0872",
      archivePrefix  = "arXiv",
      primaryClass   = "hep-ph",
      reportNumber   = "ANL-HEP-PR-10-14, FERMILAB-PUB-10-098-T, NUHEP-TH-10-05",
      SLACcitation   = "%%CITATION = ARXIV:1005.0872;%%",
}

@article{Agostinelli2003250,
title = "Geant4 - a simulation toolkit ",
journal = "Nuclear Instruments and Methods in Physics Research Section A: Accelerators, Spectrometers, Detectors and Associated Equipment ",
volume = "506",
number = "3",
pages = "250 - 303",
year = "2003",
note = "",
issn = "0168-9002",
doi = "http://dx.doi.org/10.1016/S0168-9002(03)01368-8",
author = "S. Agostinelli and J. Allison and K. Amako and J. Apostolakis and H. Araujo and P. Arce and M. Asai and D. Axen and S. Banerjee and G. Barrand and F. Behner and L. Bellagamba and J. Boudreau and L. Broglia and A. Brunengo and H. Burkhardt and S. Chauvie and J. Chuma and R. Chytracek and G. Cooperman and G. Cosmo and P. Degtyarenko and A. Dell'Acqua and G. Depaola and D. Dietrich and R. Enami and A. Feliciello and C. Ferguson and H. Fesefeldt and G. Folger and F. Foppiano and A. Forti and S. Garelli and S. Giani and R. Giannitrapani and D. Gibin and J.J. Gómez Cadenas and I. González and G. Gracia Abril and G. Greeniaus and W. Greiner and V. Grichine and A. Grossheim and S. Guatelli and P. Gumplinger and R. Hamatsu and K. Hashimoto and H. Hasui and A. Heikkinen and A. Howard and V. Ivanchenko and A. Johnson and F.W. Jones and J. Kallenbach and N. Kanaya and M. Kawabata and Y. Kawabata and M. Kawaguti and S. Kelner and P. Kent and A. Kimura and T. Kodama and R. Kokoulin and M. Kossov and H. Kurashige and E. Lamanna and T. Lampén and V. Lara and V. Lefebure and F. Lei and M. Liendl and W. Lockman and F. Longo and S. Magni and M. Maire and E. Medernach and K. Minamimoto and P. Mora de Freitas and Y. Morita and K. Murakami and M. Nagamatu and R. Nartallo and P. Nieminen and T. Nishimura and K. Ohtsubo and M. Okamura and S. O'Neale and Y. Oohata and K. Paech and J. Perl and A. Pfeiffer and M.G. Pia and F. Ranjard and A. Rybin and S. Sadilov and E. Di Salvo and G. Santin and T. Sasaki and N. Savvas and Y. Sawada and S. Scherer and S. Sei and V. Sirotenko and D. Smith and N. Starkov and H. Stoecker and J. Sulkimo and M. Takahata and S. Tanaka and E. Tcherniaev and E. Safai Tehrani and M. Tropeano and P. Truscott and H. Uno and L. Urban and P. Urban and M. Verderi and A. Walkden and W. Wander and H. Weber and J.P. Wellisch and T. Wenaus and D.C. Williams and D. Wright and T. Yamada and H. Yoshida and D. Zschiesche",
keywords = "Simulation",
keywords = "Particle interactions",
keywords = "Geometrical modelling",
keywords = "Software engineering",
keywords = "Object-oriented technology",
keywords = "Distributed software development "
}

@article{Frixione:2007vw,
      author         = "Frixione, Stefano and Nason, Paolo and Oleari, Carlo",
      title          = "{Matching NLO QCD computations with Parton Shower
                        simulations: the POWHEG method}",
      journal        = "JHEP",
      volume         = "11",
      pages          = "070",
      doi            = "10.1088/1126-6708/2007/11/070",
      year           = "2007",
      eprint         = "0709.2092",
      archivePrefix  = "arXiv",
      primaryClass   = "hep-ph",
      reportNumber   = "BICOCCA-FT-07-9, GEF-TH-21-2007",
      SLACcitation   = "%%CITATION = ARXIV:0709.2092;%%",
}

@article{Nason:2009ai,
      author         = "Nason, Paolo and Oleari, Carlo",
      title          = "{NLO Higgs boson production via vector-boson fusion
                        matched with shower in POWHEG}",
      journal        = "JHEP",
      volume         = "02",
      pages          = "037",
      doi            = "10.1007/JHEP02(2010)037",
      year           = "2010",
      eprint         = "0911.5299",
      archivePrefix  = "arXiv",
      primaryClass   = "hep-ph",
      SLACcitation   = "%%CITATION = ARXIV:0911.5299;%%",
}

@article{Abouzaid:2008cd,
      author         = "Abouzaid, E. and others",
      title          = "{Determination of the Parity of the Neutral Pion via the
                        Four-Electron Decay}",
      collaboration  = "KTeV Collaboration",
      journal        = "Phys.Rev.Lett.",
      volume         = "100",
      pages          = "182001",
      doi            = "10.1103/PhysRevLett.100.182001",
      year           = "2008",
      eprint         = "0802.2064",
      archivePrefix  = "arXiv",
      primaryClass   = "hep-ex",
      reportNumber   = "FERMILAB-PUB-08-032",
      SLACcitation   = "%%CITATION = ARXIV:0802.2064;%%",
}

@article{Samios:1962zza,
     author         = "Samios, N.P. and Plano, R. and Prodell, A. and Schwartz,
                       M. and Steinberger, J.",
     title          = "{Parity of the Neutral Pion and the Decay pi0 to $2e^++2e^-$}",
     journal        = "Phys.Rev.",
     volume         = "126",
     pages          = "1844-1849",
     doi            = "10.1103/PhysRev.126.1844",
     year           = "1962",
     SLACcitation   = "%%CITATION = PHRVA,126,1844;%%",
}

@article{Christensen:2008py,
      author         = "Christensen, Neil D. and Duhr, Claude",
      title          = "{FeynRules - Feynman rules made easy}",
      journal        = "Comput.Phys.Commun.",
      volume         = "180",
      pages          = "1614-1641",
      doi            = "10.1016/j.cpc.2009.02.018",
      year           = "2009",
      eprint         = "0806.4194",
      archivePrefix  = "arXiv",
      primaryClass   = "hep-ph",
      reportNumber   = "MSUHEP-080616, CP3-08-20",
      SLACcitation   = "%%CITATION = ARXIV:0806.4194;%%",
}

@InProceedings{tmva,
author  =       "Helge Voss and Andreas H{\"o}cker and J{\"o}rg Stelzer and Frerik Tegenfeldt",
booktitle = "XIth International Workshop on Advanced Computing and Analysis Techniques in Physics Research (ACAT)",
title    =      "{TMVA: Toolkit for Multivariate Data Analysis with ROOT}",
year     =      "2007",
pages    =      "040",
eprint   =      "physics/0703039",
archivePrefix    =      "arXiv",
SLACcitation     =      "%%CITATION = PHYSICS/0703039;%%"
}

@TECHREPORT{CMS-PAS-HIG-14-012,
      AUTHOR      = "{CMS Collaboration}",
      COLLABORATION = "CMS",
      institution = "CERN",
      TITLE       = "{Constraints on Anomalous HWW Interactions using Higgs boson decays to $W^+W^-$ in the fully leptonic final state}",
      TYPE        = "CMS Physics Analysis Summary",
      year         = "2014",
      number        = "CMS-PAS-HIG-14-012",
}

@article{parzen1962,
	ajournal = "Ann. Math. Statist.",
	author = "Parzen, Emanuel",
	doi = "10.1214/aoms/1177704472",
	journal = "The Annals of Mathematical Statistics",
	month = "09",
	number = "3",
	pages = "1065--1076",
	publisher = "The Institute of Mathematical Statistics",
	title = "On Estimation of a Probability Density Function and Mode",
	volume = "33",
	year = "1962"
}

@article{rosenblatt1956,
	ajournal = "Ann. Math. Statist.",
	author = "Rosenblatt, Murray",
	doi = "10.1214/aoms/1177728190",
	journal = "The Annals of Mathematical Statistics",
	month = "09",
	number = "3",
	pages = "832--837",
	publisher = "The Institute of Mathematical Statistics",
	title = "Remarks on Some Nonparametric Estimates of a Density Function",
	url = "http://dx.doi.org/10.1214/aoms/1177728190",
	volume = "27",
	year = "1956"
}

@article{Aubert:2006uk,
      author         = "Aubert, Bernard and others",
      title          = "{Vector-tensor and vector-vector decay amplitude analysis
                        of $B^0 \to \phi$ K*0}",
      collaboration  = "BaBar",
      journal        = "Phys.Rev.Lett.",
      volume         = "98",
      pages          = "051801",
      doi            = "10.1103/PhysRevLett.98.051801",
      year           = "2007",
      eprint         = "hep-ex/0610073",
      archivePrefix  = "arXiv",
      primaryClass   = "hep-ex",
      reportNumber   = "SLAC-PUB-12158, BABAR-PUB-06-064",
      SLACcitation   = "%%CITATION = HEP-EX/0610073;%%",
}

@techreport{ATL-PHYS-PUB-2013-013,
      title         = "{Prospects for measurements of tensor structure of the
                       $HZZ$ vertex in $H\to ZZ^* \to 4l$ decay with ATLAS
                       detector}",
      collaboration = "ATLAS",
      institution   = "CERN",
      address       = "Geneva",
      number        = "ATL-PHYS-PUB-2013-013",
      month         = "Oct",
      year          = "2013",
}

@article{Gritsan:2012review,
      author         = "Gritsan, A.V. and Smith, J.G.",
      title          = "{Polarization in B Decays review in Review of Particle Physics (RPP)}",
      collaboration  = "Particle Data Group",
      journal        = "Phys.Rev.",
      volume         = "D86",
      pages          = "010001",
      doi            = "10.1103/PhysRevD.86.010001",
      year           = "2012",
      SLACcitation   = "%%CITATION = PHRVA,D86,010001;%%",
}

@article{Karshenboim:2003vs,
      author         = "Karshenboim, Savely G.",
      title          = "{Precision study of positronium: Testing bound state QED
                        theory}",
      journal        = "Int.J.Mod.Phys.",
      volume         = "A19",
      pages          = "3879-3896",
      doi            = "10.1142/S0217751X04020142",
      year           = "2004",
      eprint         = "hep-ph/0310099",
      archivePrefix  = "arXiv",
      primaryClass   = "hep-ph",
      SLACcitation   = "%%CITATION = HEP-PH/0310099;%%",
}

@article{Cawlfield:2005ra,
      author         = "Cawlfield, C. and others",
      title          = "{Experimental study of $\chi_b$(2P) $\rightarrow$ $\pi \pi$
                        $\chi_b$(1P)}",
      collaboration  = "CLEO",
      journal        = "Phys.Rev.",
      volume         = "D73",
      pages          = "012003",
      doi            = "10.1103/PhysRevD.73.012003",
      year           = "2006",
      eprint         = "hep-ex/0511019",
      archivePrefix  = "arXiv",
      primaryClass   = "hep-ex",
      reportNumber   = "CLNS-05-1937, CLEO-05-25",
      SLACcitation   = "%%CITATION = HEP-EX/0511019;%%",
}

@article{Chatrchyan:2013vaa,
      author         = "Chatrchyan, Serguei and others",
      title          = "{Search for a Higgs boson decaying into a Z and a photon
                        in pp collisions at $\sqrt{s}$ = 7 and 8 TeV}",
      collaboration  = "CMS",
      journal        = "Phys.Lett.",
      volume         = "B726",
      pages          = "587-609",
      doi            = "10.1016/j.physletb.2013.09.057",
      year           = "2013",
      eprint         = "1307.5515",
      archivePrefix  = "arXiv",
      primaryClass   = "hep-ex",
      reportNumber   = "CMS-HIG-13-006, CERN-PH-EP-2013-113",
      SLACcitation   = "%%CITATION = ARXIV:1307.5515;%%",
}

@TECHREPORT{CMS-PAS-HIG-13-016,
      AUTHOR      = "{CMS Collaboration}",
      INSTITUTION = "CERN",
      COLLABORATION = "CMS",
      title         = "{Properties of the observed Higgs-like resonance using the
                       diphoton channel}",
      TYPE        = "CMS Physics Analysis Summary",
      number        = "CMS-PAS-HIG-13-016",
      YEAR        = "2013"
}

@article{wilks1938,
ajournal = "Ann. Math. Statist.",
author = "Wilks, S. S.",
doi = "10.1214/aoms/1177732360",
journal = "The Annals of Mathematical Statistics",
month = "03",
number = "1",
pages = "60--62",
publisher = "The Institute of Mathematical Statistics",
title = "The Large-Sample Distribution of the Likelihood Ratio for Testing Composite Hypotheses",
url = "http://dx.doi.org/10.1214/aoms/1177732360",
volume = "9",
year = "1938"
}

@TECHREPORT{CMS-PAS-HIG-13-005,
      AUTHOR      = "{CMS Collaboration}",
      INSTITUTION = "CERN",
      COLLABORATION = "CMS",
      TITLE       = "{Combination of standard model Higgs boson searches and
                       measurements of the properties of the new boson with a mass
                       near 125 GeV}",
      TYPE        = "CMS Physics Analysis Summary",
      NUMBER      = "CMS-PAS-HIG-13-005",
      YEAR        = "2013"
}

@article{Chatrchyan201230,
title = "Observation of a new boson at a mass of 125 GeV with the CMS\ experiment at the LHC",
collaboration  = "CMS",
author         = "Chatrchyan, Serguei and others",
journal = "Physics Letters B ",
volume = "716",
number = "1",
pages = "30 - 61",
year = "2012",
note = "",
issn = "0370-2693",
doi = "http://dx.doi.org/10.1016/j.physletb.2012.08.021",
url = "http://www.sciencedirect.com/science/article/pii/S0370269312008581",
}


