@article{ATLAS:2008xda,
    author = "Aad, G. and others",
    collaboration = "ATLAS",
    title = "{The ATLAS Experiment at the CERN Large Hadron Collider}",
    doi = "10.1088/1748-0221/3/08/S08003",
    journal = "JINST",
    volume = "3",
    pages = "S08003",
    year = "2008"
}

@article{ATLAS:2012yve,
    author = "Aad, Georges and others",
    collaboration = "ATLAS",
    title = "{Observation of a new particle in the search for the Standard Model Higgs boson with the ATLAS detector at the LHC}",
    eprint = "1207.7214",
    archivePrefix = "arXiv",
    primaryClass = "hep-ex",
    reportNumber = "CERN-PH-EP-2012-218",
    doi = "10.1016/j.physletb.2012.08.020",
    journal = "Phys. Lett. B",
    volume = "716",
    pages = "1--29",
    year = "2012"
}

@article{CMS:2008xjf,
    author = "Chatrchyan, S. and others",
    collaboration = "CMS",
    title = "{The CMS Experiment at the CERN LHC}",
    doi = "10.1088/1748-0221/3/08/S08004",
    journal = "JINST",
    volume = "3",
    pages = "S08004",
    year = "2008"
}

@article{CMS:2012qbp,
    author = "Chatrchyan, Serguei and others",
    collaboration = "CMS",
    title = "{Observation of a New Boson at a Mass of 125 GeV with the CMS Experiment at the LHC}",
    eprint = "1207.7235",
    archivePrefix = "arXiv",
    primaryClass = "hep-ex",
    reportNumber = "CMS-HIG-12-028, CERN-PH-EP-2012-220",
    doi = "10.1016/j.physletb.2012.08.021",
    journal = "Phys. Lett. B",
    volume = "716",
    pages = "30--61",
    year = "2012"
}

@article{CMS:2013btf,
    author = "Chatrchyan, Serguei and others",
    collaboration = "CMS",
    title = "{Observation of a New Boson with Mass Near 125 GeV in $pp$ Collisions at $\sqrt{s}$ = 7 and 8 TeV}",
    eprint = "1303.4571",
    archivePrefix = "arXiv",
    primaryClass = "hep-ex",
    reportNumber = "CMS-HIG-12-036, CERN-PH-EP-2013-035",
    doi = "10.1007/JHEP06(2013)081",
    journal = "JHEP",
    volume = "06",
    pages = "081",
    year = "2013"
}

@book{stxs,
      author        = "Heinemeyer, S and Mariotti, C and Passarino, G and Tanaka,
                       R and Andersen, J R and Artoisenet, P and Bagnaschi, E A
                       and Banfi, A and Becher, T and Bernlochner, F U and
                       Bolognesi, S and Bolzoni, P and Boughezal, R and Buarque, D
                       and Campbell, J and Caola, F and Carena, M and Cascioli, F
                       and Chanon, N and Cheng, T and Choi, S Y and David, A and
                       de Aquino, P and Degrassi, G and Del Re, D and Denner, A
                       and van Deurzen, H and Diglio, S and Di Micco, B and Di
                       Nardo, R and Dittmaier, S and Dührssen, M and Ellis, R K
                       and Ferrera, G and Fidanza, N and Flechl, M and de Florian,
                       D and Forte, S and Frederix, R and Frixione, S and Gangal,
                       S and Gao, Y and Garzelli, M V and Gillberg, D and Govoni,
                       P and Grazzini, M and Greiner, N and Griffiths, J and
                       Gritsan, A V and Grojean, C and Hall, D C and Hays, C and
                       Harlander, R and Hernandez-Pinto, R and Höche, S and
                       Huston, J and Jubb, T and Kadastik, M and Kallweit, S and
                       Kardos, A and Kashif, L and Kauer, N and Kim, H and Klees,
                       R and Krämer, M and Krauss, F and Laureys, A and Laurila,
                       S and Lehti, S and Li, Q and Liebler, S and Liu, X and
                       Logan, E and Luisoni, G and Malberti, M and Maltoni, F and
                       Mawatari, K and Maierhoefer, F and Mantler, H and Martin, S
                       and Mastrolia, P and Mattelaer, O and Mazzitelli, J and
                       Mellado, B and Melnikov, K and Meridiani, P and Miller, D J
                       and Mirabella, E and Moch, S O and Monni, P and Moretti, N
                       and Mück, A and Mühlleitner, M and Musella, P and Nason,
                       P and Neu, C and Neubert, M and Oleari, C and Olsen, J and
                       Ossola, G and Peraro, T and Peters, K and Petriello, F and
                       Piacquadio, G and Potter, C T and Pozzorini, S and
                       Prokofiev, K and Puljak, I and Rauch, M and Rebuzzi, D and
                       Reina, L and Rietkerk, R and Rizzi, A and
                       Rotstein-Habarnau, Y and Salam, G P and Sborlini, G and
                       Schissler, F and Schönherr, M and Schulze, M and
                       Schumacher, M and Siegert, F and Slavich, P and Smillie, J
                       M and Stål, O and von Soden-Fraunhofen, J F and Spira, M
                       and Stewart, I W and Tackmann, F J and Taylor, P T E and
                       Tommasini, D and Thompson, J and Thorne, R S and Torrielli,
                       P and Tramontano, F and Tran, N V and Trócsányi, Z and
                       Ubiali, M and Vazquez Acosta, M and Vickey, T and Vicini, A
                       and Waalewijn, W J and Wackeroth, D and Wagner, C and
                       Walsh, J R and Wang, J and Weiglein, G and Whitbeck, A and
                       Williams, C and Yu, J and Zanderighi, G and Zanetti, M and
                       Zaro, M and Zerwas, P M and Zhang, C and Zirke, T J E and
                       Zuberi, S",
      collaboration = "LHCHiggsCrossSectionWorkingGroup",
      editor        = "Heinemeyer, S",
      title         = "{Handbook of LHC Higgs Cross Sections: 3. Higgs
                       Properties}",
      series        = "CERN Yellow Reports: Monographs",
      year          = "2013",
      url           = "https://cds.cern.ch/record/1559921",
      note          = "Comments: 404 pages, 139 figures, to be submitted to CERN
                       Report. Working Group web page:
                       https://twiki.cern.ch/twiki/bin/view/LHCPhysics/CrossSections",
      doi           = "10.5170/CERN-2013-004",
}

@article{smeft,
title = {The standard model as an effective field theory},
journal = {Physics Reports},
volume = {793},
pages = {1-98},
year = {2019},
note = {The standard model as an effective field theory},
issn = {0370-1573},
doi = {https://doi.org/10.1016/j.physrep.2018.11.002},
url = {https://www.sciencedirect.com/science/article/pii/S0370157318303223},
author = {Ilaria Brivio and Michael Trott}
}

@article{cms-comb,
    collaboration = "CMS",
    title = "{Combined measurements and interpretations of Higgs boson production and decay at $\sqrt s$=13 TeV}",
    reportNumber = "CMS-PAS-HIG-21-018",
    year = "2025"
}

@article{atlas-comb,
      collaboration = "ATLAS",
      title         = "{Combined measurements of Higgs boson production and decay at $\sqrt{s} =$ 13 TeV using up to 140 fb$^{-1}$ of data          collected by the ATLAS Experiment}",
      institution   = "CERN",
      reportNumber  = "ATLAS-CONF-2025-006",
      address       = "Geneva",
      year          = "2025",
      url           = "https://cds.cern.ch/record/2937634",
      note          = "All figures including auxiliary figures are available at
                       https://atlas.web.cern.ch/Atlas/GROUPS/PHYSICS/CONFNOTES/ATLAS-CONF-2025-006",
}